



@article{IngemarssonTW:1982,
  author    = {Ingemar Ingemarsson and
               Donald T. Tang and
               C. K. Wong},
  title     = {A conference key distribution system},
  journal   = {{IEEE} Trans. Information Theory},
  volume    = {28},
  number    = {5},
  pages     = {714--719},
  year      = {1982}
}



@article{AbadiN:1996:prudent_engineering,
  author    = {Martín Abadi and
               Roger M. Needham},
  title     = {Prudent Engineering Practice for Cryptographic Protocols},
  journal   = {{IEEE} Trans. Software Eng.},
  volume    = {22},
  number    = {1},
  pages     = {6--15},
  year      = {1996},
  url       = {https://doi.org/10.1109/32.481513},
  doi       = {10.1109/32.481513},
  timestamp = {Wed, 17 May 2017 10:56:36 +0200},
  biburl    = {http://dblp.uni-trier.de/rec/bib/journals/tse/AbadiN96},
  bibsource = {dblp computer science bibliography, http://dblp.org}
}

@inproceedings{AbadiR:2000:two_views,
  author    = {Martín Abadi and
               Phillip Rogaway},
  editor    = {Jan van Leeuwen and
               Osamu Watanabe and
               Masami Hagiya and
               Peter D. Mosses and
               Takayasu Ito},
  title     = {Reconciling Two Views of Cryptography (The Computational Soundness
               of Formal Encryption)},
  booktitle = {Theoretical Computer Science, Exploring New Frontiers of Theoretical
               Informatics, International Conference {IFIP} {TCS} 2000, Sendai, Japan,
               August 17-19, 2000, Proceedings},
  series    = {Lecture Notes in Computer Science},
  volume    = {1872},
  pages     = {3--22},
  publisher = {Springer},
  year      = {2000},
  url       = {https://doi.org/10.1007/3-540-44929-9_1},
  doi       = {10.1007/3-540-44929-9_1},
  timestamp = {Sun, 04 Jun 2017 10:10:12 +0200},
  biburl    = {http://dblp.uni-trier.de/rec/bib/conf/ifipTCS/AbadiR00},
  bibsource = {dblp computer science bibliography, http://dblp.org}
}

@inproceedings{Asokan:2003:MitM-tunneling,
  author    = {N. Asokan and
               Valtteri Niemi and
               Kaisa Nyberg},
  editor    = {Bruce Christianson and
               Bruno Crispo and
               James A. Malcolm and
               Michael Roe},
  title     = {Man-in-the-Middle in Tunnelled Authentication Protocols},
  booktitle = {Security Protocols, 11th International Workshop, Cambridge, UK, April
               2-4, 2003, Revised Selected Papers},
  series    = {Lecture Notes in Computer Science},
  volume    = {3364},
  pages     = {28--41},
  publisher = {Springer},
  year      = {2003},
  url       = {http://dx.doi.org/10.1007/11542322_6},
  doi       = {10.1007/11542322_6},
  timestamp = {Tue, 15 Nov 2005 09:57:42 +0100},
  biburl    = {http://dblp.uni-trier.de/rec/bib/conf/spw/AsokanNN03},
  bibsource = {dblp computer science bibliography, http://dblp.org}
}

@inproceedings{BartheDGKSS:2013:EasyCrypt,
  author    = {Gilles Barthe and
               Fran{\c{c}}ois Dupressoir and
               Benjamin Gr{\'{e}}goire and
               C{\'{e}}sar Kunz and
               Benedikt Schmidt and
               Pierre{-}Yves Strub},
  editor    = {Alessandro Aldini and
               Javier Lopez and
               Fabio Martinelli},
  title     = {EasyCrypt: {A} Tutorial},
  booktitle = {Foundations of Security Analysis and Design {VII} - {FOSAD} 2012/2013
               Tutorial Lectures},
  series    = {Lecture Notes in Computer Science},
  volume    = {8604},
  pages     = {146--166},
  publisher = {Springer},
  year      = {2013},
  url       = {https://doi.org/10.1007/978-3-319-10082-1_6},
  doi       = {10.1007/978-3-319-10082-1_6},
  timestamp = {Fri, 02 Jun 2017 20:49:06 +0200},
  biburl    = {http://dblp.uni-trier.de/rec/bib/conf/fosad/BartheDGKSS13},
  bibsource = {dblp computer science bibliography, http://dblp.org}
}


@inproceedings{Blake-WilsonM:1997:BR93_asymmetric,
  author    = {Simon Blake{-}Wilson and
               Alfred Menezes},
  editor    = {Bruce Christianson and
               Bruno Crispo and
               T. Mark A. Lomas and
               Michael Roe},
  title     = {Entity Authentication and Authenticated Key Transport Protocols Employing
               Asymmetric Techniques},
  booktitle = {Security Protocols, 5th International Workshop, Paris, France, April
               7-9, 1997, Proceedings},
  series    = {Lecture Notes in Computer Science},
  volume    = {1361},
  pages     = {137--158},
  publisher = {Springer},
  year      = {1997},
  url       = {https://doi.org/10.1007/BFb0028166},
  doi       = {10.1007/BFb0028166},
  timestamp = {Tue, 23 May 2017 11:53:58 +0200},
  biburl    = {http://dblp.uni-trier.de/rec/bib/conf/spw/Blake-WilsonM97},
  bibsource = {dblp computer science bibliography, http://dblp.org}
}


@article{Blanchet:2016:ProVerif,
url = {http://dx.doi.org/10.1561/3300000004},
year = {2016},
volume = {1},
journal = {Foundations and Trends® in Privacy and Security},
title = {Modeling and Verifying Security Protocols with the Applied Pi Calculus and ProVerif},
doi = {10.1561/3300000004},
issn = {2474-1558},
number = {1-2},
pages = {1-135},
author = {Bruno Blanchet}
}

@article{Blanchet:2008:CryptoVerif,
  author    = {Bruno Blanchet},
  title     = {A Computationally Sound Mechanized Prover for Security Protocols},
  journal   = {{IEEE} Trans. Dependable Sec. Comput.},
  volume    = {5},
  number    = {4},
  pages     = {193--207},
  year      = {2008},
  url       = {https://doi.org/10.1109/TDSC.2007.1005},
  doi       = {10.1109/TDSC.2007.1005},
  timestamp = {Sun, 28 May 2017 13:21:02 +0200},
  biburl    = {http://dblp.uni-trier.de/rec/bib/journals/tdsc/Blanchet08},
  bibsource = {dblp computer science bibliography, http://dblp.org}
}

@inproceedings{BorisovGW:2001:insecurity_802.11,
  author    = {Nikita Borisov and
               Ian Goldberg and
               David Wagner},
  editor    = {Christopher Rose},
  title     = {Intercepting mobile communications: the insecurity of 802.11},
  booktitle = {{MOBICOM} 2001, Proceedings of the seventh annual international conference
               on Mobile computing and networking, Rome, Italy, July 16-21, 2001.},
  pages     = {180--189},
  publisher = {{ACM}},
  year      = {2001},
  url       = {http://doi.acm.org/10.1145/381677.381695},
  doi       = {10.1145/381677.381695},
  timestamp = {Thu, 18 Aug 2016 11:19:40 +0200},
  biburl    = {http://dblp.uni-trier.de/rec/bib/conf/mobicom/BorisovGW01},
  bibsource = {dblp computer science bibliography, http://dblp.org}
}



@misc{BrzuskaCJKW:2017:partner_mechanisms,
    author = {Chris Brzuska and Cas Cremers and H{\aa}kon Jacobsen and Bogdan Warinschi},
    title = {Partner mechanisms in key exchange protocols},
    howpublished = {Unpublished manuscript},
    year = {2017},
    note = {}
}

@ARTICLE{BrzuskaFSWW:2012:less_is_more,
  author = {Brzuska, Christina and Fischlin, Marc and Smart, Nigel P. and Warinschi,
	Bogdan and Williams, Stephen C.},
  title = {Less is more: relaxed yet composable security notions for key exchange},
  journal = {International Journal of Information Security},
  year = {2013},
  volume = {12},
  pages = {267-297},
  number = {4},
  doi = {10.1007/s10207-013-0192-y},
  issn = {1615-5262},
  keywords = {Key agreement; TLS},
  language = {English},
  publisher = {Springer Berlin Heidelberg},
  url = {http://dx.doi.org/10.1007/s10207-013-0192-y}
}


@article{Cam-WingetHWW:2003:Flaws_802.11_link_protocol,
  author    = {Nancy Cam{-}Winget and
               Russell Housley and
               David Wagner and
               Jesse Walker},
  title     = {Security flaws in 802.11 data link protocols},
  journal   = {Commun. {ACM}},
  volume    = {46},
  number    = {5},
  pages     = {35--39},
  year      = {2003},
  url       = {http://doi.acm.org/10.1145/769800.769823},
  doi       = {10.1145/769800.769823},
  timestamp = {Thu, 20 Nov 2003 13:05:35 +0100},
  biburl    = {http://dblp.uni-trier.de/rec/bib/journals/cacm/Cam-WingetHWW03},
  bibsource = {dblp computer science bibliography, http://dblp.org}
}

@inproceedings{Cohn-GordonCG:2016:post-compromise,
  author    = {Katriel Cohn{-}Gordon and
               Cas J. F. Cremers and
               Luke Garratt},
  title     = {On Post-compromise Security},
  booktitle = {{IEEE} 29th Computer Security Foundations Symposium, {CSF} 2016, Lisbon,
               Portugal, June 27 - July 1, 2016},
  pages     = {164--178},
  publisher = {{IEEE} Computer Society},
  year      = {2016},
  url       = {https://doi.org/10.1109/CSF.2016.19},
  doi       = {10.1109/CSF.2016.19},
  timestamp = {Thu, 25 May 2017 00:40:50 +0200},
  biburl    = {http://dblp.uni-trier.de/rec/bib/conf/csfw/Cohn-GordonCG16},
  bibsource = {dblp computer science bibliography, http://dblp.org}
}

@inproceedings{EuroSP:CCDGS17,
 	Author = {Katriel Cohn-Gordon and Cas Cremers and Benjamin Dowling and Luke Garratt and Douglas Stebila},
 	Booktitle = {Proc. {IEEE} European Symposium on Security and Privacy (EuroS\&P) 2017},
 	Month = {April},
 	Note = {To appear},
 	Publisher = {IEEE},
 	Title = {A formal security analysis of the {S}ignal messaging protocol},
 	Year = {2017}
 }
  


@INPROCEEDINGS{ClancyH:2009:making_the_case_EAP_cb, 
	author={T. Charles Clancy and Katrin Hoeper}, 
	booktitle={2009 IEEE Sarnoff Symposium, Princeton, NJ, March 30-31 \& April 1}, 
	title={Making the case for {EAP} channel bindings}, 
	year={2009}, 
	pages={1-5}, 
	doi={10.1109/SARNOF.2009.4850319}, 
	month={March},
	publisher={IEEEXplore},
}

@inproceedings{Cremers:2008:Scyther,
  author    = {Cas J. F. Cremers},
  editor    = {Aarti Gupta and
               Sharad Malik},
  title     = {The Scyther Tool: Verification, Falsification, and Analysis of Security
               Protocols},
  booktitle = {Computer Aided Verification, 20th International Conference, {CAV}
               2008, Princeton, NJ, USA, July 7-14, 2008, Proceedings},
  series    = {Lecture Notes in Computer Science},
  volume    = {5123},
  pages     = {414--418},
  publisher = {Springer},
  year      = {2008},
  url       = {https://doi.org/10.1007/978-3-540-70545-1_38},
  doi       = {10.1007/978-3-540-70545-1_38},
  timestamp = {Tue, 13 Jun 2017 10:37:55 +0200},
  biburl    = {http://dblp.uni-trier.de/rec/bib/conf/cav/Cremers08},
  bibsource = {dblp computer science bibliography, http://dblp.org}
}

@book{CremersM:2012:book:operational_semantics,
  author    = {Cas Cremers and Sjouke Mauw},
  title     = {Operational Semantics and Verification of Security Protocols},
  series    = {Information Security and Cryptography},
  publisher = {Springer},
  year      = {2012},
  url       = {https://doi.org/10.1007/978-3-540-78636-8},
  doi       = {10.1007/978-3-540-78636-8},
  @isbn      = {{978-3-540-78636-8}},
  note 		= {ISBN 978-3-540-78636-8},
  timestamp = {Tue, 16 May 2017 14:01:44 +0200},
  biburl    = {http://dblp.uni-trier.de/rec/bib/books/sp/Cremers12},
  bibsource = {dblp computer science bibliography, http://dblp.org}
}

@inproceedings{EianM:2012:802.11_deadlock,
  author    = {Martin Eian and
               Stig Frode Mj{\o}lsnes},
  editor    = {Albert G. Greenberg and
               Kazem Sohraby},
  title     = {A formal analysis of {IEEE} 802.11w deadlock vulnerabilities},
  booktitle = {Proceedings of the {IEEE} {INFOCOM} 2012, Orlando, FL, USA, March
               25-30, 2012},
  pages     = {918--926},
  publisher = {{IEEE}},
  year      = {2012},
  url       = {https://doi.org/10.1109/INFCOM.2012.6195841},
  doi       = {10.1109/INFCOM.2012.6195841},
  timestamp = {Tue, 16 May 2017 16:26:35 +0200},
  biburl    = {http://dblp.uni-trier.de/rec/bib/conf/infocom/EianM12},
  bibsource = {dblp computer science bibliography, http://dblp.org}
}

@inproceedings{FischlinG:2017:TLS1.3_0-RTT,
  author    = {Marc Fischlin and
               Felix G{\"{u}}nther},
  title     = {Replay Attacks on Zero Round-Trip Time: The Case of the {TLS} 1.3
               Handshake Candidates},
  booktitle = {2017 {IEEE} European Symposium on Security and Privacy, EuroS{\&}P
               2017, Paris, France, April 26-28, 2017},
  pages     = {60--75},
  publisher = {{IEEE}},
  year      = {2017},
  url       = {https://doi.org/10.1109/EuroSP.2017.18},
  doi       = {10.1109/EuroSP.2017.18},
  timestamp = {Thu, 13 Jul 2017 07:08:04 +0200},
  biburl    = {http://dblp.uni-trier.de/rec/bib/conf/eurosp/FischlinG17},
  bibsource = {dblp computer science bibliography, http://dblp.org}
}

@article{GoldwasserM:1984:probabilistic_encryption,
  author    = {Shafi Goldwasser and
               Silvio Micali},
  title     = {Probabilistic Encryption},
  journal   = {J. Comput. Syst. Sci.},
  volume    = {28},
  number    = {2},
  pages     = {270--299},
  year      = {1984},
  url       = {https://doi.org/10.1016/0022-0000(84)90070-9},
  doi       = {10.1016/0022-0000(84)90070-9},
  timestamp = {Sat, 20 May 2017 00:25:54 +0200},
  biburl    = {http://dblp.uni-trier.de/rec/bib/journals/jcss/GoldwasserM84},
  bibsource = {dblp computer science bibliography, http://dblp.org}
}



@inproceedings{HalvorsenHEM:2009:improved_TKIP_attacks,
  author    = {Finn Michael Halvorsen and
               Olav Haugen and
               Martin Eian and
               Stig Frode Mj{\o}lsnes},
  editor    = {Audun J{\o}sang and
               Torleiv Maseng and
               Svein J. Knapskog},
  title     = {An Improved Attack on {TKIP}},
  booktitle = {Identity and Privacy in the Internet Age, 14th Nordic Conference on
               Secure {IT} Systems, NordSec 2009, Oslo, Norway, 14-16 October 2009.
               Proceedings},
  series    = {Lecture Notes in Computer Science},
  volume    = {5838},
  pages     = {120--132},
  publisher = {Springer},
  year      = {2009},
  url       = {https://doi.org/10.1007/978-3-642-04766-4_9},
  doi       = {10.1007/978-3-642-04766-4_9},
  timestamp = {Wed, 17 May 2017 10:54:37 +0200},
  biburl    = {http://dblp.uni-trier.de/rec/bib/conf/nordsec/HalvorsenHEM09},
  bibsource = {dblp computer science bibliography, http://dblp.org}
}


@INPROCEEDINGS{Harkins:2008:SAE, 
 author = {Harkins, Dan},
 title = {Simultaneous Authentication of Equals: A Secure, Password-Based Key Exchange for Mesh Networks},
 booktitle = {Proceedings of the 2008 Second International Conference on Sensor Technologies and Applications, Cap Esterel, France, 25-31 August 2008},
 series = {SENSORCOMM'08},
 year = {2008},
 isbn = {978-0-7695-3330-8},
 pages = {839--844},
 numpages = {6},
 url = {http://dx.doi.org/10.1109/SENSORCOMM.2008.131},
 doi = {10.1109/SENSORCOMM.2008.131},
 acmid = {1446630},
 publisher = {IEEE Computer Society},
 address = {Washington, DC, USA},
 keywords = {password authentication, cryptography, peer-to-peer},
} 

@inproceedings{HeM:2004:analysis_4WHS,
  author    = {Changhua He and
               John C. Mitchell},
  editor    = {Markus Jakobsson and
               Adrian Perrig},
  title     = {Analysis of the 802.11i 4-way handshake},
  booktitle = {Proceedings of the 2004 {ACM} Workshop on Wireless Security, Philadelphia,
               PA, USA, October 1, 2004},
  pages     = {43--50},
  publisher = {{ACM}},
  year      = {2004},
  url       = {http://doi.acm.org/10.1145/1023646.1023655},
  doi       = {10.1145/1023646.1023655},
  timestamp = {Wed, 15 Feb 2006 10:03:52 +0100},
  biburl    = {http://dblp.uni-trier.de/rec/bib/conf/ws/HeM04},
  bibsource = {dblp computer science bibliography, http://dblp.org}
}

@inproceedings{He:2005:MCP:modular_correctness_proof_802.11,
 author = {He, Changhua and Sundararajan, Mukund and Datta, Anupam and Derek, Ante and Mitchell, John C.},
 title = {A Modular Correctness Proof of {IEEE 802.11}I and {TLS}},
 booktitle = {Proceedings of the 12th ACM Conference on Computer and Communications Security},
 series = {CCS '05},
 year = {2005},
 isbn = {1-59593-226-7},
 location = {Alexandria, VA, USA},
 pages = {2--15},
 numpages = {14},
 @url = {http://doi.acm.org/10.1145/1102120.1102124},
 doi = {10.1145/1102120.1102124},
 acmid = {1102124},
 publisher = {ACM},
 address = {New York, NY, USA},
 keywords = {IEEE 802.11i, TLS, protocol composition logic},
}

@inproceedings{HoeperC:2007:EAP_claims_fail,
  author    = {Katrin Hoeper and
               Lidong Chen},
  editor    = {Victor Leung and
               Sastri Kota},
  title     = {Where {EAP} security claims fail},
  booktitle = {4th International {ICST} Conference on Heterogeneous Networking for
               Quality, Reliability, Security and Robustness, {QSHINE} 2007, Vancouver,
               Canada, August 14-17, 2007},
  pages     = {46},
  publisher = {{ACM}},
  year      = {2007},
  url       = {http://doi.acm.org/10.1145/1577222.1577285},
  doi       = {10.1145/1577222.1577285},
  timestamp = {Thu, 19 Mar 2015 16:19:49 +0100},
  biburl    = {http://dblp.uni-trier.de/rec/bib/conf/qshine/HoeperC07},
  bibsource = {dblp computer science bibliography, http://dblp.org}
}


@inproceedings{HoeperC:2010:inconvenient_tunneled,
  author    = {Katrin Hoeper and
               Lidong Chen},
  title     = {An inconvenient truth about tunneled authentications},
  booktitle = {The 35th Annual {IEEE} Conference on Local Computer Networks, {LCN}
               2010, 10-14 October 2010, Denver, Colorado, USA, Proceedings},
  pages     = {416--423},
  publisher = {{IEEE} Computer Society},
  year      = {2010},
  url       = {https://doi.org/10.1109/LCN.2010.5735754},
  doi       = {10.1109/LCN.2010.5735754},
  timestamp = {Fri, 26 May 2017 00:49:03 +0200},
  biburl    = {http://dblp.uni-trier.de/rec/bib/conf/lcn/HoeperC10},
  bibsource = {dblp computer science bibliography, http://dblp.org}
}

@inproceedings{ICS:MauRen11,
	author    = {Ueli Maurer and
               Renato Renner},
  editor    = {Bernard Chazelle},
  title     = {Abstract Cryptography},
  booktitle = {Innovations in Computer Science - {ICS} 2010, Tsinghua University,
               Beijing, China, January 7-9, 2011. Proceedings},
  pages     = {1--21},
  publisher = {Tsinghua University Press},
  year      = {2011},
  @url       = {http://conference.itcs.tsinghua.edu.cn/ICS2011/content/papers/14.html},
  timestamp = {Wed, 19 Oct 2011 15:41:58 +0200},
  biburl    = {http://dblp.uni-trier.de/rec/bib/conf/innovations/MaurerR11},
  bibsource = {dblp computer science bibliography, http://dblp.org}
}

@article{JagerKKS:2017:TLS-DHE:JC,
  author    = {Tibor Jager and
                 Florian Kohlar and
                 Sven Sch{\"{a}}ge and
                 J{\"{o}}rg Schwenk},
  title     = {Authenticated Confidential Channel Establishment and
  the Security of TLS-DHE },
  journal   = {Journal of Cryptology (to appear)},
  volume    = {},
  number    = {},
  pages     = {1--49},
  month		= {January},
  year      = {2017},
  @url       = {},
  doi       = {10.1007/s00145-016-9248-2},
  timestamp = {Thu, 18 May 2017 09:52:09 +0200},
  biburl    = {http://dblp.uni-trier.de/rec/bib/journals/joc/JagerS13},
  bibsource = {dblp computer science bibliography, http://dblp.org}
}


@article{JohnsonRJZ:2015:WPA/WPA2_FGPA_brute_force,
  author    = {Tyler Johnson and
               Daniel Roggow and
               Phillip H. Jones and
               Joseph Zambreno},
  title     = {An {FPGA} Architecture for the Recovery of {WPA/WPA2} Keys},
  journal   = {Journal of Circuits, Systems, and Computers},
  volume    = {24},
  number    = {7},
  year      = {2015},
  url       = {https://doi.org/10.1142/S0218126615501054},
  doi       = {10.1142/S0218126615501054},
  timestamp = {Sun, 28 May 2017 13:25:31 +0200},
  biburl    = {http://dblp.uni-trier.de/rec/bib/journals/jcsc/JohnsonRJZ15},
  bibsource = {dblp computer science bibliography, http://dblp.org}
}


@article{LawMQSV:2003:MQV,
  author    = {Laurie Law and
               Alfred Menezes and
               Minghua Qu and
               Jerome A. Solinas and
               Scott A. Vanstone},
  title     = {An Efficient Protocol for Authenticated Key Agreement},
  journal   = {Des. Codes Cryptography},
  volume    = {28},
  number    = {2},
  pages     = {119--134},
  year      = {2003},
  timestamp = {Sat, 23 Feb 2008 21:01:32 +0100},
  biburl    = {http://dblp.uni-trier.de/rec/bib/journals/dcc/LawMQSV03},
  bibsource = {dblp computer science bibliography, http://dblp.org}
}

@inproceedings{MeierSCB:2013:Tamarin,
  author    = {Simon Meier and
               Benedikt Schmidt and
               Cas Cremers and
               David A. Basin},
  editor    = {Natasha Sharygina and
               Helmut Veith},
  title     = {The {TAMARIN} Prover for the Symbolic Analysis of Security Protocols},
  booktitle = {Computer Aided Verification - 25th International Conference, {CAV}
               2013, Saint Petersburg, Russia, July 13-19, 2013. Proceedings},
  series    = {Lecture Notes in Computer Science},
  volume    = {8044},
  pages     = {696--701},
  publisher = {Springer},
  year      = {2013},
  url       = {https://doi.org/10.1007/978-3-642-39799-8_48},
  doi       = {10.1007/978-3-642-39799-8_48},
  timestamp = {Thu, 25 May 2017 00:39:06 +0200},
  biburl    = {http://dblp.uni-trier.de/rec/bib/conf/cav/MeierSCB13},
  bibsource = {dblp computer science bibliography, http://dblp.org}
}

@article{MishraPAF:2004:802.11_issues_survey,
  author    = {Arunesh Mishra and
               Nick L. Petroni Jr. and
               William A. Arbaugh and
               Timothy Fraser},
  title     = {Security issues in {IEEE} 802.11 wireless local area networks: a survey},
  journal   = {Wireless Communications and Mobile Computing},
  volume    = {4},
  number    = {8},
  pages     = {821--833},
  year      = {2004},
  url       = {https://doi.org/10.1002/wcm.257},
  doi       = {10.1002/wcm.257},
  timestamp = {Wed, 17 May 2017 14:25:27 +0200},
  biburl    = {http://dblp.uni-trier.de/rec/bib/journals/wicomm/MishraPAF04},
  bibsource = {dblp computer science bibliography, http://dblp.org}
}


@article{Moen:2004:WPA_hash_weakness,
 author = {Moen, Vebj{\o}rn and Raddum, H{\aa}vard and Hole, Kjell J.},
 title = {Weaknesses in the Temporal Key Hash of {WPA}},
 journal = {SIGMOBILE Mob. Comput. Commun. Rev.},
 issue_date = {April 2004},
 volume = {8},
 number = {2},
 month = apr,
 year = {2004},
 issn = {1559-1662},
 pages = {76--83},
 numpages = {8},
 url = {http://doi.acm.org/10.1145/997122.997132},
 doi = {10.1145/997122.997132},
 acmid = {997132},
 publisher = {ACM},
 address = {New York, NY, USA},
 keywords = {802.11, MIC, Michael, TKIP, WPA, temporal key hash},
} 

@article{MoriiT:2011:RC4_WPA,
  author    = {Masakatu Morii and
               Yosuke Todo},
  title     = {Cryptanalysis for {RC4} and Breaking {WEP/WPA-TKIP}},
  journal   = {{IEICE} Transactions},
  volume    = {94-D},
  number    = {11},
  pages     = {2087--2094},
  year      = {2011},
  url       = {http://search.ieice.org/bin/summary.php?id=e94-d_11_2087},
  timestamp = {Fri, 04 Nov 2011 10:17:45 +0100},
  biburl    = {http://dblp.dagstuhl.de/rec/bib/journals/ieicet/MoriiT11},
  bibsource = {dblp computer science bibliography, http://dblp.org}
}


@article{RangoLM:2006:DoS_802.11,
  author    = {Floriano De Rango and
               Dionigi Cristian Lentini and
               Salvatore Marano},
  title     = {Static and Dynamic 4-Way Handshake Solutions to Avoid Denial of Service
               Attack in Wi-Fi Protected Access and {IEEE} 802.11i},
  journal   = {{EURASIP} J. Wireless Comm. and Networking},
  volume    = {2006},
  year      = {2006},
  url       = {https://doi.org/10.1155/WCN/2006/47453},
  doi       = {10.1155/WCN/2006/47453},
  timestamp = {Sat, 20 May 2017 00:25:35 +0200},
  biburl    = {http://dblp.uni-trier.de/rec/bib/journals/ejwcn/RangoLM06},
  bibsource = {dblp computer science bibliography, http://dblp.org}
}

@inproceedings{Rogaway:2004:role_of_definitions,
  author    = {Phillip Rogaway},
  title     = {On the of Role of Definitions in and Beyond Cryptography},
  booktitle = {{ASIAN}},
  series    = {Lecture Notes in Computer Science},
  volume    = {3321},
  pages     = {13--32},
  publisher = {Springer},
  year      = {2004}
}

@inproceedings{RogawayS:2009:elision,
  author    = {Phillip Rogaway and
               Till Stegers},
  title     = {Authentication without Elision: Partially Specified Protocols, Associated
               Data, and Cryptographic Models Described by Code},
  booktitle = {Proceedings of the 22nd {IEEE} Computer Security Foundations Symposium,
               {CSF} 2009, Port Jefferson, New York, USA, July 8-10, 2009},
  pages     = {26--39},
  publisher = {{IEEE} Computer Society},
  year      = {2009},
  url       = {https://doi.org/10.1109/CSF.2009.23},
  doi       = {10.1109/CSF.2009.23},
  timestamp = {Thu, 25 May 2017 00:40:51 +0200},
  biburl    = {http://dblp.uni-trier.de/rec/bib/conf/csfw/RogawayS09},
  bibsource = {dblp computer science bibliography, http://dblp.org}
}

@article{StubblefieldIR:2004:WEP_802.11b_attack,
  author    = {Adam Stubblefield and
               John Ioannidis and
               Aviel D. Rubin},
  title     = {A key recovery attack on the 802.11b wired equivalent privacy protocol
               {(WEP)}},
  journal   = {{ACM} Trans. Inf. Syst. Secur.},
  volume    = {7},
  number    = {2},
  pages     = {319--332},
  year      = {2004},
  url       = {http://doi.acm.org/10.1145/996943.996948},
  doi       = {10.1145/996943.996948},
  timestamp = {Thu, 09 Feb 2006 13:50:27 +0100},
  biburl    = {http://dblp.uni-trier.de/rec/bib/journals/tissec/StubblefieldIR04},
  bibsource = {dblp computer science bibliography, http://dblp.org}
}

@inproceedings{Tews:2007:breaking_WEP_60s,
 author = {Tews, Erik and Weinmann, Ralf-Philipp and Pyshkin, Andrei},
 title = {Breaking 104 Bit {WEP} in Less Than 60 Seconds},
 booktitle = {Proceedings of the 8th International Conference on Information Security Applications},
 series = {WISA'07},
 year = {2007},
 location = {Jeju Island, Korea},
 pages = {188--202},
 numpages = {15},
 url = {http://dl.acm.org/citation.cfm?id=1784964.1784983},
 acmid = {1784983},
 publisher = {Springer-Verlag},
 address = {Berlin, Heidelberg},
} 

@inproceedings{Tews:2009:PAA,
 author = {Tews, Erik and Beck, Martin},
 title = {Practical Attacks Against {WEP and WPA}},
 booktitle = {Proceedings of the Second ACM Conference on Wireless Network Security},
 series = {WiSec '09},
 year = {2009},
 isbn = {978-1-60558-460-7},
 location = {Zurich, Switzerland},
 pages = {79--86},
 numpages = {8},
 url = {http://doi.acm.org/10.1145/1514274.1514286},
 doi = {10.1145/1514274.1514286},
 acmid = {1514286},
 publisher = {ACM},
 address = {New York, NY, USA},
 keywords = {802.11, cryptanalysis, rc4, tkip, wep, wlan, wpa},
} 

@article{TodoOOM:2012:Falsification_attacks_TKIP,
  author    = {Yosuke Todo and
               Yuki Ozawa and
               Toshihiro Ohigashi and
               Masakatu Morii},
  title     = {Falsification Attacks against {WPA-TKIP} in a Realistic Environment},
  journal   = {{IEICE} Transactions},
  volume    = {95-D},
  number    = {2},
  pages     = {588--595},
  year      = {2012},
  url       = {http://search.ieice.org/bin/summary.php?id=e95-d_2_588},
  timestamp = {Tue, 07 Feb 2012 11:29:24 +0100},
  biburl    = {http://dblp.dagstuhl.de/rec/bib/journals/ieicet/TodoOOM12},
  bibsource = {dblp computer science bibliography, http://dblp.org}
}

@inproceedings{VanhoefP:2016:WPA2_GTK_attack,
  author    = {Mathy Vanhoef and
               Frank Piessens},
  editor    = {Thorsten Holz and
               Stefan Savage},
  title     = {Predicting, Decrypting, and Abusing {WPA2/802.11} Group Keys},
  booktitle = {25th {USENIX} Security Symposium, {USENIX} Security 16, Austin, TX,
               USA, August 10-12, 2016.},
  pages     = {673--688},
  publisher = {{USENIX} Association},
  year      = {2016},
  url       = {https://www.usenix.org/system/files/conference/usenixsecurity16/sec16_paper_vanhoef.pdf},
  timestamp = {Mon, 05 Sep 2016 15:43:05 +0200},
  biburl    = {http://dblp.dagstuhl.de/rec/bib/conf/uss/VanhoefP16},
  bibsource = {dblp computer science bibliography, http://dblp.org}
}

@inproceedings{VanhoefP:2016:Biases_belong_us_TKIP_TLS,
  author    = {Mathy Vanhoef and
               Frank Piessens},
  editor    = {Jaeyeon Jung and
               Thorsten Holz},
  title     = {All Your Biases Belong to Us: Breaking {RC4} in {WPA-TKIP} and {TLS}},
  booktitle = {24th {USENIX} Security Symposium, {USENIX} Security 15, Washington,
               D.C., USA, August 12-14, 2015.},
  pages     = {97--112},
  publisher = {{USENIX} Association},
  year      = {2015},
  url       = {https://www.usenix.org/system/files/conference/usenixsecurity15/sec15-paper-vanhoef.pdf},
  timestamp = {Fri, 19 Aug 2016 15:38:03 +0200},
  biburl    = {http://dblp.uni-trier.de/rec/bib/conf/uss/VanhoefP15},
  bibsource = {dblp computer science bibliography, http://dblp.org}
}


@inproceedings{Yang:2013:mutual_EA_in_AKE,
  author    = {Zheng Yang},
  editor    = {Jean Luc Danger and
               Mourad Debbabi and
               Jean{-}Yves Marion and
               Joaqu{\'{\i}}n Garc{\'{\i}}a{-}Alfaro and
               A. Nur Zincir{-}Heywood},
  title     = {Modelling Simultaneous Mutual Authentication for Authenticated Key
               Exchange},
  booktitle = {Foundations and Practice of Security - 6th International Symposium,
               {FPS} 2013, La Rochelle, France, October 21-22, 2013, Revised Selected
               Papers},
  series    = {Lecture Notes in Computer Science},
  volume    = {8352},
  pages     = {46--62},
  publisher = {Springer},
  year      = {2013},
  url       = {https://doi.org/10.1007/978-3-319-05302-8_4},
  doi       = {10.1007/978-3-319-05302-8_4},
  timestamp = {Wed, 24 May 2017 08:29:32 +0200},
  biburl    = {http://dblp.uni-trier.de/rec/bib/conf/fps/Yang13},
  bibsource = {dblp computer science bibliography, http://dblp.org}
}

@unpublished{Walker:2000:WEP_unsafe,
	author = {Jesse Walker},
	title = {Unsafe at any key size; An analysis of the {WEP} encapsulation },
	@date = {2000},
	OPTsubtitle = {subtitle},
	OPTtitleaddon = {titleaddon},
	OPTlanguage = {language},
	OPThowpublished = {howpublished},
	OPTnote = {note},
	OPTlocation = {location},
	OPTisbn = {isbn},
	OPTdate = {date},
	month = {October},
	year = {2000},
	OPTaddendum = {addendum},
	OPTpubstate = {pubstate},
	url = {https://www.csee.umbc.edu/courses/graduate/CMSC691A/Spring04/papers/wep-problems.pdf},
	OPTurldate = {urldate},
}

@article{Wool:2004:fragility_of_Michael,
  author    = {Avishai Wool},
  title     = {A note on the fragility of the "Michael" message integrity code},
  journal   = {{IEEE} Trans. Wireless Communications},
  volume    = {3},
  number    = {5},
  pages     = {1459--1462},
  year      = {2004},
  url       = {https://doi.org/10.1109/TWC.2004.833470},
  doi       = {10.1109/TWC.2004.833470},
  timestamp = {Fri, 09 Jun 2017 11:03:44 +0200},
  biburl    = {http://dblp.uni-trier.de/rec/bib/journals/twc/Wool04},
  bibsource = {dblp computer science bibliography, http://dblp.org}
}

@inproceedings{ZhangMM:2005:802.11_claimed,
  author    = {Fan Zhang and
               Jianfeng Ma and
               Sang{-}Jae Moon},
  editor    = {Yue Hao and
               Jiming Liu and
               Yuping Wang and
               Yiu{-}ming Cheung and
               Hujun Yin and
               Licheng Jiao and
               Jianfeng Ma and
               Yong{-}Chang Jiao},
  title     = {The Security Proof of a 4-Way Handshake Protocol in {IEEE} 802.11i},
  booktitle = {Computational Intelligence and Security, International Conference,
               {CIS} 2005, Xi'an, China, December 15-19, 2005, Proceedings, Part
               {II}},
  series    = {Lecture Notes in Computer Science},
  volume    = {3802},
  pages     = {488--493},
  publisher = {Springer},
  year      = {2005},
  url       = {https://doi.org/10.1007/11596981_72},
  doi       = {10.1007/11596981_72},
  timestamp = {Tue, 18 Jul 2017 03:37:42 +0200},
  biburl    = {http://dblp.uni-trier.de/rec/bib/conf/cis/ZhangMM05},
  bibsource = {dblp computer science bibliography, http://dblp.org}
}

