


@ARTICLE{IEEE:2012:802.11,
	shorthand = {IEEE 802.11}, 
	journal={IEEE Std 802.11-2012}, 
	title={IEEE Standard for Information technology---Tele\-com\-munications and information exchange between systems Local and metropolitan area networks---Specific requirements Part 11: Wireless LAN Medium Access Control (MAC) and Physical Layer (PHY) Specifications}, 
	year={2012}, 
	month={March}, 
	pages={1-2793},  
	doi={10.1109/IEEESTD.2012.6178212},
	@author={IEEE},
}


@ARTICLE{IEEE:2004:802.11i, 
	shorthand = {IEEE 802.11i},
journal={IEEE Std 802.11i-2004}, 
title={IEEE Standard for Information technology---Tele\-com\-munications and information exchange between systems-Local and metropolitan area networks---Specific requirements Part 11: Wireless LAN Medium Access Control (MAC) and Physical Layer (PHY) specifications: Amendment 6: Medium Access Control (MAC) Security Enhancements}, 
year={2004}, 
pages={1-190}, 
keywords={4-Way Handshake;AES;CCM;CCMP;EAPOL-Key;Group Key Handshake;IEEE 802.1X;Michael;RC4;authentication;confidentiality;countermeasures;data authenticity;key management;key mixing;replay protection;robust security network}, 
doi={10.1109/IEEESTD.2004.94585}, 
month={July},
}



@ARTICLE{IEEE:2008:802.11r, 
	shorthand = {IEEE 802.11r},
	journal={IEEE Std 802.11r-2008 (Amendment to IEEE Std 802.11-2007 as amended by IEEE Std 802.11k-2008)}, 
	title={IEEE Standard for Information technology---Local and metropolitan area networks---Specific requirements Part 11: Wireless LAN Medium Access Control (MAC) and Physical Layer (PHY) Specifications Amendment 2: Fast Basic Service Set (BSS) Transition}, 
	year={2008}, 
	pages={1-126}, 
	doi={10.1109/IEEESTD.2008.4573292}, 
	month={July},
}


@ARTICLE{IEEE:2011:802.11s, 
	shorthand = {IEEE 802.11s},
	journal={IEEE Std 802.11s-2011 (Amendment to IEEE Std 802.11-2007 as amended by IEEE 802.11k-2008, IEEE 802.11r-2008, IEEE 802.11y-2008, IEEE 802.11w-2009, IEEE 802.11n-2009, IEEE 802.11p-2010, IEEE 802.11z-2010, IEEE 802.11v-2011, and IEEE 802.11u-2011)}, 
	title={IEEE Standard for Information Technology---Telecom\-munications and information exchange between systems---Local and metropolitan area networks---Specific requirements Part 11: Wireless LAN Medium Access Control (MAC) and Physical Layer (PHY) specifications Amendment 10: Mesh Networking}, 
	year={2011}, 
	month={Sept}, 
	pages={1-372}, 
	doi={10.1109/IEEESTD.2011.6018236},
	@author={IEEE},
}

@ARTICLE{IEEE:2009:802.11w, 
	shorthand = {IEEE 802.11w},
	journal={IEEE Std 802.11w-2009 (Amendment to IEEE Std 802.11-2007 as amended by IEEE Std 802.11k-2008, IEEE Std 802.11r-2008, and IEEE Std 802.11y-2008)}, 
	title={{IEEE Standard for Information technology---Telecom\-munications and information exchange between systems---Local and metropolitan area networks---Specific requirements. Part 11: Wireless LAN Medium Access Control (MAC) and Physical Layer (PHY) Specifications Amendment 4: Protected Management Frames}}, 
	year={2009}, 
	month={Sept}, 
	pages={1-111},  
	doi={10.1109/IEEESTD.2009.5278657},
	@author={IEEE},
}


@ARTICLE{IEEE:2010:802.1X, 
	shorthand = {IEEE 802.1X},
	journal={IEEE Std 802.1X-2010 (Revision of IEEE Std 802.1X-2004)}, 
	title={{IEEE Standard for Local and metropolitan area networks -- Port-Based Network Access Control}}, 
	year={2010}, 
	month={Feb}, 
	pages={C1-205},
	@author={IEEE},
	doi = {10.1109/IEEESTD.2010.5409813}
}


@misc{IETF:RFC2104:HMAC,
     author = {Hugo Krawczyk and Mihir Bellare and Ran Canetti},
     title = "{HMAC: Keyed-Hashing for Message Authentication}",
     howpublished = {Internet Requests for Comments},
     type = {RFC 2104},
     pages = {1-11},
     year = {1997},
     month = {February},
     publisher = "{RFC Editor}",
     institution = "{RFC Editor}",
     url = {https://tools.ietf.org/html/rfc2104},
     shorthand = {RFC2104}
}


@techreport{IETF:RFC2865:RADIUS,
     author = {Allan C. Rubens and William Allen Simpson and Steve Willens},
     title = "{Remote Authentication Dial In User Service (RADIUS)}",
     howpublished = {Internet Requests for Comments},
     type = {RFC 2865},
     pages = {1-76},
     year = {2000},
     month = {June},
     publisher = "{RFC Editor}",
     institution = "{RFC Editor}",
     url = {https://tools.ietf.org/html/rfc2865},
     shorthand = {RFC2865}
}

@techreport{IETF:RFC6733:DIAMETER,
     author = {Victor Fajardo and Jari Arkko and John Loughney and Glen Zorn},
     title = "{Diameter Base Protocol}",
     howpublished = {Internet Requests for Comments},
     type = {RFC 6733},
     pages = {1-152},
     year = {2012},
     month = {October},
     publisher = "{RFC Editor}",
     institution = "{RFC Editor}",
     url = {https://tools.ietf.org/html/rfc6733},
     shorthand = {RFC6733}
}


@techreport{IETF:RFC6614:RADIUS_over_TLS,
     author = {Stefan Winter and Mike McCauley and Stig Venaas and Klaas Wierenga},
     title = "{Transport Layer Security (TLS) Encryption for RADIUS}",
     howpublished = {Internet Requests for Comments},
     type = {RFC 6614},
     pages = {1-22},
     year = {2012},
     month = {May},
     publisher = "{RFC Editor}",
     institution = "{RFC Editor}",
     url = {https://tools.ietf.org/html/rfc6614},
     shorthand = {RFC6614}
}




@misc{IETF:RFC2548:MS-MPPE-RADIUS-attributes,
     author = {Glen Zorn},
     title = "{Microsoft Vendor-specific RADIUS Attributes}",
     howpublished = {Internet Requests for Comments},
     type = {RFC 2548},
     pages = {1-41},
     year = {1999},
     month = {March},
     publisher = "{RFC Editor}",
     institution = "{RFC Editor}",
     url = {https://tools.ietf.org/html/rfc2548},
     shorthand = {RFC2548}
}



@techreport{IETF:RFC3748:EAP,
     author = {Bernard Aboba and Larry J. Blunk and John R. Vollbrecht and James Carlson and Henrik Levkowetz},
     title = "{Extensible Authentication Protocol (EAP)}",
     howpublished = {Internet Requests for Comments},
     type = {RFC 3748},
     pages = {1-67},
     year = {2004},
     month = {June},
     publisher = "{RFC Editor}",
     institution = "{RFC Editor}",
     url = {https://tools.ietf.org/html/rfc3748},
     shorthand = {RFC3748}
}

@techreport{IETF:RFC5247:EAP-key-management,
     author = {Bernard Aboba and Dan Simon and Pasi Eronen},
     title = "{Extensible Authentication Protocol (EAP) Key Management Framework}",
     howpublished = {Internet Requests for Comments},
     type = {RFC 5247},
     pages = {1-79},
     year = {2008},
     month = {August},
     publisher = "{RFC Editor}",
     institution = "{RFC Editor}",
     url = {https://tools.ietf.org/html/rfc5247},
     shorthand = {RFC5247}
}

@techreport{IETF:RFC5216:EAP-TLS,
     author = {Dan Simon and Bernard Aboba and Ryan Hurst},
     title = "{The EAP-TLS Authentication Protocol}",
     howpublished = {Internet Requests for Comments},
     type = {RFC 5216},
     pages = {1-34},
     year = {2008},
     month = {March},
     publisher = "{RFC Editor}",
     institution = "{RFC Editor}",
     url = {https://tools.ietf.org/html/rfc5216},
     shorthand = {RFC5216}
}


@techreport{IETF:RFC5106:EAP-IKEv2,
     author = {Hannes Tschofenig and Dirk Kroeselberg and Andreas Pashalidis and Yoshihiro Ohba and Florent Bersani},
     title = "{The Extensible Authentication Protocol-Internet Key Exchange Protocol version 2 (EAP-IKEv2) Method}",
     howpublished = {Internet Requests for Comments},
     type = {RFC 5106},
     pages = {1-33},
     year = {2008},
     month = {February},
     publisher = "{RFC Editor}",
     institution = "{RFC Editor}",
     url = {https://tools.ietf.org/html/rfc5106},
     shorthand = {RFC5106}
}



@techreport{IETF:RFC6677:EAP-channel-binding,
     author = {Sam Hartman (editor) and T. Charles Clancy and Katrin Hoeper},
     title = "{Channel-Binding Support for Extensible Authentication Protocol (EAP) Methods}",
     howpublished = {Internet Requests for Comments},
     type = {RFC 6677},
     pages = {1-31},
     year = {2012},
     month = {July},
     publisher = "{RFC Editor}",
     institution = "{RFC Editor}",
     url = {https://tools.ietf.org/html/rfc6677},
     shorthand = {RFC6677}
}

@techreport{IETF:RFC5246:TLS,
         author = {Tim Dierks and Eric Rescorla},
         title = "{The Transport Layer Security (TLS) Protocol Version 1.2}",
         howpublished = {Internet Requests for Comments},
         type = {RFC 5246},
         pages = {1-104},
         year = {2008},
         month = {August},
         publisher = "{RFC Editor}",
         institution = "{RFC Editor}",
         url = {https://tools.ietf.org/html/rfc5246},
         shorthand = {RFC5246}
}

@techreport{IETF:RFC5705:TLS-key-exporters,
     author = {Eric Rescorla},
     title = "{Keying Material Exporters for Transport Layer Security (TLS)}",
     howpublished = {Internet Requests for Comments},
     type = {RFC 5705},
     pages = {1-7},
     year = {2010},
     month = {March},
     publisher = "{RFC Editor}",
     institution = "{RFC Editor}",
     url = {https://tools.ietf.org/html/rfc5705},
     shorthand = {RFC5705}
}

@techreport{IETF:draft:PEAPv2,
     author = {Dan Simon and Glen Zorn and Simon Josefsson and Hao Zhou and Joseph Salowey},
     title = "{Protected EAP Protocol (PEAP) Version 2}",
     howpublished = {Internet Requests for Comments},
     type = {Internet-draft},
     pages = {1-87},
     year = {2004},
     month = {October},
     publisher = "{RFC Editor}",
     institution = "{RFC Editor}",
     url = {https://tools.ietf.org/html/draft-josefsson-pppext-eap-tls-eap-10},
    shorthand = {PEAPv2}
}
@techreport{IETF:RFC5281:EAP-TTLS,
     author = {Paul Funk and Simon Blake-Wilson},
     title = "{Extensible Authentication Protocol Tunneled Transport Layer Security Authenticated Protocol Version 0 (EAP-TTLSv0)}",
     howpublished = {Internet Requests for Comments},
     type = {RFC 5281},
     pages = {1-51},
     year = {2008},
     month = {August},
     publisher = "{RFC Editor}",
     institution = "{RFC Editor}",
     url = {https://tools.ietf.org/html/rfc5281},
     shorthand = {RFC5281}
}

@techreport{IETF:RFC4187:EAP-AKA,
     author = {Jari Arkko and Henry Haverinen},
     title = "{Extensible Authentication Protocol Method for 3rd Generation Authentication and Key Agreement (EAP-AKA)}",
     howpublished = {Internet Requests for Comments},
     type = {RFC 4187},
     pages = {1-79},
     year = {2006},
     month = {January},
     publisher = "{RFC Editor}",
     institution = "{RFC Editor}",
     url = {https://tools.ietf.org/html/rfc4187},
     shorthand = {RFC4187}
}

@techreport{IETF:RFC5931:EAP-PWD,
     author = {Dan Harkins and Glen Zorn},
     title = "{Extensible Authentication Protocol (EAP) Authentication Using Only a Password}",
     howpublished = {Internet Requests for Comments},
     type = {RFC 5931},
     pages = {1-40},
     year = {2010},
     month = {August},
     publisher = "{RFC Editor}",
     institution = "{RFC Editor}",
     url = {https://tools.ietf.org/html/rfc5931},
     shorthand = {RFC5931}
}

@techreport{IETF:RFC4793:EAP-POTP,
     author = {Magnus Nystroem},
     title = "{The EAP Protected One-Time Password Protocol (EAP-POTP)}",
     howpublished = {Internet Requests for Comments},
     type = {RFC 4793},
     pages = {1-82},
     year = {2007},
     month = {February},
     publisher = "{RFC Editor}",
     institution = "{RFC Editor}",
     url = {https://tools.ietf.org/html/rfc4793},
     shorthand = {RFC4793}
}

@techreport{IETF:RFC4764:EAP-PSK,
         author = {Florent Bersani and Hannes Tschofenig},
         title = "{The EAP-PSK Protocol: A Pre-Shared Key Extensible Authentication Protocol (EAP) Method}",
         howpublished = {Internet Requests for Comments},
         type = {RFC 4764},
         pages = {1-64},
         year = {2007},
         month = {January},
         publisher = "{RFC Editor}",
         institution = "{RFC Editor}",
         url = {https://tools.ietf.org/html/rfc4764},
         shorthand = {RFC4764}
}

@techreport{IETF:RFC2759:MS-CHAPv2,
	author = {Glen Zorn},
	title = "{Microsoft PPP CHAP Extensions, Version 2}",
	howpublished = {Internet Requests for Comments},
	type = {RFC 2759},
	pages = {1-20},
	year = {2000},
	month = {January},
	publisher = "{RFC Editor}",
	institution = "{RFC Editor}",
	url = {https://tools.ietf.org/html/rfc2759},
	shorthand = {RFC2759}
}

@techreport{IETF:RFC5297:AES-SIV,
     author = {Dan Harkins},
     title = "{Synthetic Initialization Vector (SIV) Authenticated Encryption Using the Advanced Encryption Standard (AES)}",
     howpublished = {Internet Requests for Comments},
     type = {RFC 5297},
     pages = {1-26},
     year = {2008},
     month = {October},
     publisher = "{RFC Editor}",
     institution = "{RFC Editor}",
     url = {https://tools.ietf.org/html/rfc5297},
     shorthand = {RFC5297}
}

@techreport{IETF:RFC7593:eduroam_architecture,
     author = {Klaas Wierenga and Stefan Winter and Tomasz Wolniewicz},
     title = "{The eduroam Architecture for Network Roaming}",
     howpublished = {Internet Requests for Comments},
     type = {RFC 7593},
     pages = {1-37},
     year = {2015},
     month = {September},
     publisher = "{RFC Editor}",
     institution = "{RFC Editor}",
     url = {https://tools.ietf.org/html/rfc7593},
     shorthand = {RFC7593}
}

@techreport{IETF:draft:EAP-channel-binding,
     author = {Yoshihiro Ohba and Mohan Parthasarathy and Mayumi Yanagiya},
     title = "{Channel Binding Mechanism based on Parameter Binding in Key Derivation}",
     howpublished = {Internet Requests for Comments},
     type = {Internet-draft},
     pages = {1-18},
     year = {2006},
     month = {December},
     publisher = "{RFC Editor}",
     institution = "{RFC Editor}",
     url = {https://tools.ietf.org/html/draft-ohba-eap-channel-binding-02},
    %shorthand = {DRAFT-OHBA-EAP-CHANNEL-BINDING-02}
}


@techreport{IETF:RFC7296:IKEv2,
     author = {Charlie Kaufman and Paul Hoffman and Yoav Nir and Pasi Eronen and Tero Kivinen},
     title = "{Internet Key Exchange Protocol Version 2 (IKEv2)}",
     howpublished = {Internet Requests for Comments},
     type = {RFC 7296},
     pages = {1-142},
     year = {2014},
     month = {October},
     publisher = "{RFC Editor}",
     institution = "{RFC Editor}",
     url = {https://tools.ietf.org/html/rfc7296},
     shorthand = {RFC7296}
}

@techreport{IETF:RFC8018:PBKDF2,
     author = {Kathleen M. Moriarty  and Burt Kaliski and Andreas Rusch},
     title = "{PKCS \#5: Password-Based Cryptography Specification Version 2.1}",
     howpublished = {Internet Requests for Comments},
     type = {RFC 8018},
     pages = {1-40},
     year = {2017},
     month = {January},
     publisher = "{RFC Editor}",
     institution = "{RFC Editor}",
     url = {https://tools.ietf.org/html/rfc8018},
     shorthand = {RFC8018}
}

@techreport{IETF:RFC3394:AES-key-wrap,
     author = {Jim Schaad and Russell Housley},
     title = "{Advanced Encryption Standard (AES) Key Wrap Algorithm}",
     howpublished = {Internet Requests for Comments},
     type = {RFC 3394},
     pages = {1-41},
     year = {2002},
     month = {September},
     publisher = "{RFC Editor}",
     institution = "{RFC Editor}",
     url = {https://tools.ietf.org/html/rfc3394},
     shorthand = {RFC3394}
}

@techreport{IETF:RFC2409:IKEv1,
         author = {Dan Harkins and Dave Carrel},
         title = "{The Internet Key Exchange (IKE)}",
         howpublished = {Internet Requests for Comments},
         type = {RFC 2409},
         pages = {1-41},
         year = {1998},
         month = {November},
         publisher = "{RFC Editor}",
         institution = "{RFC Editor}",
         url = {https://tools.ietf.org/html/rfc2409},
         shorthand = {RFC2409}
}

@techreport{IETF:RFC3610:CCM,
     author = {Doug Whiting and Russell Housley and Niels Ferguson},
     title = "{Counter with CBC-MAC (CCM)}",
     howpublished = {Internet Requests for Comments},
     type = {RFC 3610},
     pages = {1-26},
     year = {2003},
     month = {September},
     publisher = "{RFC Editor}",
     institution = "{RFC Editor}",
     url = {https://tools.ietf.org/html/rfc3610},
     shorthand = {RFC3610}
}

@techreport{IETF:RFC3579:RADIUS+EAP,
         author = {Bernard Aboba and Pat R. Calhoun},
         title = "{RADIUS (Remote Authentication Dial In User Service) Support For Extensible Authentication Protocol (EAP)}",
         howpublished = {Internet Requests for Comments},
         type = {RFC 3579},
         pages = {1-46},
         year = {2003},
         month = {September},
         publisher = "{RFC Editor}",
         institution = "{RFC Editor}",
         url = {https://tools.ietf.org/html/rfc3579},
         shorthand = {RFC3579}
}

@techreport{IETF:RFC4253:SSH_transport,
         author = {Tatu Ylonen and Chris Lonvick},
         title = "{The Secure Shell (SSH) Transport Layer Protocol}",
         howpublished = {Internet Requests for Comments},
         type = {RFC 4253},
         pages = {1-32},
         year = {2006},
         month = {January},
         publisher = "{RFC Editor}",
         institution = "{RFC Editor}",
         url = {https://tools.ietf.org/html/rfc4253},
         shorthand = {RFC4253}
}


@techreport{IETF:DRAFT:TACACS+,
         author = {Thorsten Dahm and Andrej Ota and Douglas C. Medway Gash and David Carrel},
         title = "{The TACACS+ Protocol draft-ietf-opsawg-tacacs-06}",
         howpublished = {Internet Requests for Comments},
         type = {Internet-draft},
         pages = {1-41},
         year = {2017},
         month = {February},
         publisher = "{RFC Editor}",
         institution = "{RFC Editor}",
         url = {https://tools.ietf.org/html/draft-ietf-opsawg-tacacs-06},
%        shorthand = {DRAFT-IETF-OPSAWG-TACACS-06}
}

@techreport{IETF:DRAFT:TLS_1.3,
         author = {Eric Rescorla},
         title = "{The Transport Layer Security (TLS) Protocol Version 1.3 draft-ietf-tls-tls13-21}",
         howpublished = {Internet Requests for Comments},
         type = {Internet-draft},
         pages = {1-143},
         year = {2017},
         month = {July},
         publisher = "{RFC Editor}",
         institution = "{RFC Editor}",
         url = {https://tools.ietf.org/html/draft-ietf-tls-tls13-21},
%        shorthand = {DRAFT-IETF-TLS-TLS13-21}
}


@techreport{FIPS:SP-800-38B:CMAC,
 author = {Dworkin, Morris J.},
 title = {{SP 800-38B. Recommendation for Block Cipher Modes of Operation: The CMAC Mode for Authentication}},
 year = {2016},
 month	= {October},
 publisher = {National Institute of Standards \& Technology},
 institution = {National Institute of Standards \& Technology},
 address = {Gaithersburg, MD, United States},
 @url = {https://dx.doi.org/10.6028/NIST.SP.800-38B},
 DOI = {10.6028/NIST.SP.800-38B},
 shorthand = {FIPS:SP-800-38B}
} 

@techreport{FIPS:197-2001:AES,
 author = {},
 title = {{Advanced Encryption Standard (AES)}},
 year = {2001},
 month	= {November},
 publisher = {National Institute of Standards \& Technology},
 institution = {National Institute of Standards \& Technology},
 address = {Gaithersburg, MD, United States},
 DOI = {10.6028/NIST.FIPS.197},
 shorthand = {FIPS:197-2001}
}