% This file was created with JabRef 2.8.1.
% Encoding: Cp1252





@inproceedings{CCS:KusTun11,
  author    = {Ralf K{\"{u}}sters and
               Max Tuengerthal},
  editor    = {Yan Chen and
               George Danezis and
               Vitaly Shmatikov},
  title     = {Composition theorems without pre-established session identifiers},
  booktitle = {Proceedings of the 18th {ACM} Conference on Computer and Communications
               Security, {CCS} 2011, Chicago, Illinois, USA, October 17-21, 2011},
  pages     = {41--50},
  publisher = {{ACM}},
  year      = {2011},
  @url       = {http://doi.acm.org/10.1145/2046707.2046715},
  doi       = {10.1145/2046707.2046715},
  timestamp = {Thu, 20 Oct 2011 19:54:15 +0200},
  biburl    = {http://dblp.uni-trier.de/rec/bib/conf/ccs/KustersT11},
  bibsource = {dblp computer science bibliography, http://dblp.org}
}



@inproceedings{ICS:MauRen11,
	author    = {Ueli Maurer and
               Renato Renner},
  editor    = {Bernard Chazelle},
  title     = {Abstract Cryptography},
  booktitle = {Innovations in Computer Science - {ICS} 2010, Tsinghua University,
               Beijing, China, January 7-9, 2011. Proceedings},
  pages     = {1--21},
  publisher = {Tsinghua University Press},
  year      = {2011},
  @url       = {http://conference.itcs.tsinghua.edu.cn/ICS2011/content/papers/14.html},
  timestamp = {Wed, 19 Oct 2011 15:41:58 +0200},
  biburl    = {http://dblp.uni-trier.de/rec/bib/conf/innovations/MaurerR11},
  bibsource = {dblp computer science bibliography, http://dblp.org}
}



@misc{ePrint:KMOTV14,
  author    = {Markulf Kohlweiss and
               Ueli Maurer and
               Cristina Onete and
               Bj{\"{o}}rn Tackmann and
               Daniele Venturi},
  title     = {{(De-)}Constructing {TLS}},
  howpublished = {Cryptology ePrint Archive, Report 2014/020},
  year = {2014},
  note = {\url{https://eprint.iacr.org/2014/020}},
  timestamp = {Thu, 30 Jan 2014 13:32:16 +0100},
  biburl    = {https://dblp.uni-trier.de/rec/bib/journals/iacr/KohlweissMOTV14},
  bibsource = {dblp computer science bibliography, http://dblp.org}
}


@INPROCEEDINGS{Bellare:1995:threepartycase,
  author = {Bellare, Mihir and Rogaway, Phillip},
  title = {Provably Secure Session Key Distribution: The Three Party Case},
  booktitle = {Proceedings of the Twenty-seventh Annual ACM Symposium on Theory
	of Computing},
  year = {1995},
  series = {STOC '95},
  pages = {57--66},
  address = {New York, NY, USA},
  publisher = {ACM},
  acmid = {225084},
  doi = {10.1145/225058.225084},
  isbn = {0-89791-718-9},
  location = {Las Vegas, Nevada, USA},
  numpages = {10},
  @url = {http://doi.acm.org/10.1145/225058.225084}
}

@INPROCEEDINGS{Bellare:1994:BR93,
  author = {Bellare, Mihir and Rogaway, Phillip},
  title = {Entity Authentication and Key Distribution},
  booktitle = {Proceedings of the 13th Annual International Cryptology Conference
	on Advances in Cryptology},
  year = {1994},
  series = {CRYPTO '93},
  pages = {232--249},
  address = {New York, NY, USA},
  publisher = {Springer-Verlag New York, Inc.},
  acmid = {188164},
  isbn = {0-387-57766-1},
  location = {Santa Barbara, California, USA},
  numpages = {18},
  @url = {http://dl.acm.org/citation.cfm?id=188105.188164}
}

@inproceedings{Blake-WilsonM:1999:UKSA-on-STS,
  author    = {Simon Blake{-}Wilson and
               Alfred Menezes},
  editor    = {Hideki Imai and
               Yuliang Zheng},
  title     = {Unknown Key-Share Attacks on the Station-to-Station {(STS)} Protocol},
  booktitle = {Public Key Cryptography, Second International Workshop on Practice
               and Theory in Public Key Cryptography, {PKC} '99, Kamakura, Japan,
               March 1-3, 1999, Proceedings},
  series    = {Lecture Notes in Computer Science},
  volume    = {1560},
  pages     = {154--170},
  publisher = {Springer},
  year      = {1999},
  @url       = {http://dx.doi.org/10.1007/3-540-49162-7_12},
  doi       = {10.1007/3-540-49162-7_12},
  timestamp = {Fri, 17 Jun 2011 14:13:13 +0200},
  biburl    = {http://dblp.uni-trier.de/rec/bib/conf/pkc/Blake-WilsonM99},
  bibsource = {dblp computer science bibliography, http://dblp.org}
}

@ARTICLE{BrzuskaFSWW:2012:less_is_more,
  author = {Brzuska, Christina and Fischlin, Marc and Smart, Nigel P. and Warinschi,
	Bogdan and Williams, Stephen C.},
  title = {Less is more: relaxed yet composable security notions for key exchange},
  journal = {International Journal of Information Security},
  year = {2013},
  volume = {12},
  pages = {267-297},
  number = {4},
  doi = {10.1007/s10207-013-0192-y},
  issn = {1615-5262},
  keywords = {Key agreement; TLS},
  language = {English},
  publisher = {Springer Berlin Heidelberg},
  @url = {http://dx.doi.org/10.1007/s10207-013-0192-y}
}

@INPROCEEDINGS{BrzuskaFWW:2011:composability_BR,
  author = {Brzuska, Christina and Fischlin, Marc and Warinschi, Bogdan and Williams,
	Stephen C.},
  title = {Composability of {Bellare-Rogaway} Key Exchange Protocols},
  booktitle = {Proceedings of the 18th ACM Conference on Computer and Communications
	Security},
  year = {2011},
  series = {CCS '11},
  pages = {51--62},
  address = {New York, NY, USA},
  publisher = {ACM},
  acmid = {2046716},
  doi = {10.1145/2046707.2046716},
  isbn = {978-1-4503-0948-6},
  keywords = {bellare-rogaway, composition, key exchange},
  location = {Chicago, Illinois, USA},
  numpages = {12},
  @url = {http://doi.acm.org/10.1145/2046707.2046716}
}

@INPROCEEDINGS{He:05:securityanalysis80211,
  author = {Changhua He and John C. Mitchell},
  title = {Security analysis and improvements for {IEEE 802.11i}},
  booktitle = {Proceedings of the 12th Annual Network and Distributed System
	Security Symposium},
  year = {2005},
  pages = {90--110}
}

@ARTICLE{IEEE:2012:802.11, 
journal={IEEE Std 802.11-2012 (Revision of IEEE Std 802.11-2007)}, 
title={{IEEE Standard for Information technology--Telecommunications and information exchange between systems Local and metropolitan area networks--Specific requirements Part 11: Wireless LAN Medium Access Control (MAC) and Physical Layer (PHY) Specifications}}, 
year={2012}, 
month={March}, 
pages={1-2793},  
doi={10.1109/IEEESTD.2012.6178212},
@author={IEEE},
}

@ARTICLE{IEEE:2004:802.11i, 
journal={ISO/IEC 8802-11, Second edition: 2005/Amendment 6 2006: IEEE STD 802.11i-2004 (Amendment to IEEE Std 802.11-1999)}, 
title={{ISO/IEC International Standard - Information Technology Telecommunications and Information Exchange Between Systems Local and Metropolitan Area Networks Specific Requirements Part 11: Wireless LAN Medium Access Control (MAC) and Physical Layer (PHY) Specifications Amendment 6: Medium Access Control (MAC) Security Enhancements}}, 
year={2004}, 
month={July}, 
pages={c1-178}, 
doi={10.1109/IEEESTD.2004.311922},
@author={IEEE},
}

@ARTICLE{IEEE:2009:802.11w, 
journal={IEEE Std 802.11w-2009 (Amendment to IEEE Std 802.11-2007 as amended by IEEE Std 802.11k-2008, IEEE Std 802.11r-2008, and IEEE Std 802.11y-2008)}, 
title={{IEEE Standard for Information technology - Telecommunications and information exchange between systems - Local and metropolitan area networks - Specific requirements. Part 11: Wireless LAN Medium Access Control (MAC) and Physical Layer (PHY) Specifications Amendment 4: Protected Management Frames}}, 
year={2009}, 
month={Sept}, 
pages={1-111}, 
keywords={IEEE standards;access protocols;telecommunication standards;wireless LAN;IEEE Std 802.11;MAC;WLAN;medium access control;physical layer specifications;protected management frames;wireless local area networks;802.11-2007;802.11w-2009;local area network (LAN)}, 
doi={10.1109/IEEESTD.2009.5278657},
@author={IEEE},
}

@ARTICLE{IEEE:2011:802.11s, 
journal={IEEE Std 802.11s-2011 (Amendment to IEEE Std 802.11-2007 as amended by IEEE 802.11k-2008, IEEE 802.11r-2008, IEEE 802.11y-2008, IEEE 802.11w-2009, IEEE 802.11n-2009, IEEE 802.11p-2010, IEEE 802.11z-2010, IEEE 802.11v-2011, and IEEE 802.11u-2011)}, 
title={{IEEE Standard for Information Technology--Telecommunications and information exchange between systems--Local and metropolitan area networks--Specific requirements Part 11: Wireless LAN Medium Access Control (MAC) and Physical Layer (PHY) specifications Amendment 10: Mesh Networking}}, 
year={2011}, 
month={Sept}, 
pages={1-372}, 
keywords={IEEE standards;access protocols;information technology;metropolitan area networks;multicast communication;telecommunication standards;wireless LAN;IEEE standard;MAC specification;PHY specification;broadcast data delivery;information exchange;information technology;local area networks;mesh networking;metropolitan area networks;multicast data delivery;self-configuring multihop networks;telecommunication standard;unicast data delivery;wireless LAN medium access control specification;wireless LAN physical layer specification;IEEE 802.11 standards;IEEE standards;Information technology;Local area networks;Media Access Protocol;Metropolitan area networks;Spread spectrum communication;Wireless LAN;IEEE 802.11s;forwarding;medium access control;mesh;multi-hop;path selection;wireless LAN;zero-knowledge proof}, 
doi={10.1109/IEEESTD.2011.6018236},
@author={IEEE},
}


@ARTICLE{IEEE:2010:802.1X, 
journal={IEEE Std 802.1X-2010 (Revision of IEEE Std 802.1X-2004)}, 
title={{IEEE Standard for Local and metropolitan area networks - Port-Based Network Access Control}}, 
year={2010}, 
month={Feb}, 
pages={C1-205},
@author={IEEE},
}

@misc{IETF:2008:RFC5216-EAP-TLS,
  added-at = {2009-11-15T15:37:34.000+0100},
  author = {Simon, Dan and Aboba, Bernhard and Hurst, Ryan},
  biburl = {http://www.bibsonomy.org/bibtex/25220e926f1e25debc935b315e370b659/henkellermann},
  howpublished = {RFC 5216 (Proposed Standard)},
  interhash = {9f88c075c2072183f5404988db50dcbf},
  intrahash = {5220e926f1e25debc935b315e370b659},
  keywords = {imported},
  month = {March},
  note = {\url{http://tools.ietf.org/html/rfc5216}},
  number = 5216,
  organization = {Internet Engineering Task Force},
  publisher = {IETF},
  series = {Request for Comments},
  timestamp = {2009-11-15T15:37:34.000+0100},
  title = {{The EAP-TLS Authentication Protocol}},
  url = {http://www.ietf.org/rfc/rfc5216.txt},
  year = 2008
}

@misc{IETF:1997:RFC2104-HMAC,
  added-at = {2009-11-15T15:37:34.000+0100},
  author = {Krawczyk, Hugo and Bellare, Mihir and Canetti, Ran},
  biburl = {http://www.bibsonomy.org/bibtex/2a08417c2def6ec3508b1e1998280b509/henkellermann},
  howpublished = {RFC 2104 (Informational)},
  interhash = {4c92bf2c8799ae9359fb6a0f853d9cf6},
  intrahash = {a08417c2def6ec3508b1e1998280b509},
  keywords = {imported},
  month = {February},
  number = 2104,
  organization = {Internet Engineering Task Force},
  publisher = {IETF},
  series = {Request for Comments},
  timestamp = {2009-11-15T15:37:34.000+0100},
  title = {{HMAC: Keyed-Hashing for Message Authentication}},
  url = {http://www.ietf.org/rfc/rfc2104.txt},
  year = {1997},
  note ={\url{http://www.ietf.org/rfc/rfc2104.txt}}
}

@misc{IETF:RFC:2865-RADIUS,
  added-at = {2009-11-15T15:37:34.000+0100},
  author = {Rigney, Carl and Rubens, Allan C. and Simpson, William Allen and Willens, Steve},
  biburl = {http://www.bibsonomy.org/bibtex/23d61459f2c99aa79a00f7f2474286bc0/henkellermann},
  howpublished = {RFC 2865 (Draft Standard)},
  interhash = {82e537801e96122450b9364c19f357eb},
  intrahash = {3d61459f2c99aa79a00f7f2474286bc0},
  keywords = {imported},
  month = {June},
  note = {Updated by RFCs 2868, 3575, 5080. \url{http://tools.ietf.org/html/rfc2865}},
  number = 2865,
  organization = {Internet Engineering Task Force},
  publisher = {IETF},
  series = {Request for Comments},
  timestamp = {2009-11-15T15:37:34.000+0100},
  title = {{Remote Authentication Dial In User Service (RADIUS)}},
  url = {http://www.ietf.org/rfc/rfc2865.txt},
  year = 2000
}

@techreport{Dworkin:2005:FIPS-CMAC,
 author = {Dworkin, Morris J.},
 title = {{SP 800-38B. Recommendation for Block Cipher Modes of Operation: The CMAC Mode for Authentication}},
 year = {2005},
 publisher = {National Institute of Standards \& Technology},
 institution = {National Institute of Standards \& Technology},
 address = {Gaithersburg, MD, United States},
 howpublished = {\url{http://csrc.nist.gov/publications/nistpubs/800-38B/SP_800-38B.pdf}}
} 

@inproceedings{Tews:2009:PAA,
 author = {Tews, Erik and Beck, Martin},
 title = {Practical Attacks Against {WEP and WPA}},
 booktitle = {Proceedings of the Second ACM Conference on Wireless Network Security},
 series = {WiSec '09},
 year = {2009},
 isbn = {978-1-60558-460-7},
 location = {Zurich, Switzerland},
 pages = {79--86},
 numpages = {8},
 @url = {http://doi.acm.org/10.1145/1514274.1514286},
 doi = {10.1145/1514274.1514286},
 acmid = {1514286},
 publisher = {ACM},
 address = {New York, NY, USA},
 keywords = {802.11, cryptanalysis, rc4, tkip, wep, wlan, wpa},
} 


@inproceedings{Vanhoef:2013:PVW,
 author = {Vanhoef, Mathy and Piessens, Frank},
 title = {Practical Verification of {WPA-TKIP} Vulnerabilities},
 booktitle = {Proceedings of the 8th ACM SIGSAC Symposium on Information, Computer and Communications Security},
 series = {ASIA CCS '13},
 year = {2013},
 isbn = {978-1-4503-1767-2},
 location = {Hangzhou, China},
 pages = {427--436},
 numpages = {10},
 @url = {http://doi.acm.org/10.1145/2484313.2484368},
 doi = {10.1145/2484313.2484368},
 acmid = {2484368},
 publisher = {ACM},
 address = {New York, NY, USA},
 keywords = {802.11, decryption, dos, driver vulnerabilities, fragmentation, tkip, wpa},
} 




@inproceedings{BR:06:games_framework,
 author = {Bellare, Mihir and Rogaway, Phillip},
 title = {The Security of Triple Encryption and a Framework for Code-based Game-playing Proofs},
 booktitle = {Proceedings of the 24th Annual International Conference on The Theory and Applications of Cryptographic Techniques},
 series = {EUROCRYPT'06},
 year = {2006},
 isbn = {3-540-34546-9, 978-3-540-34546-6},
 location = {St. Petersburg, Russia},
 pages = {409--426},
 numpages = {18},
 @url = {http://dx.doi.org/10.1007/11761679_25},
 doi = {10.1007/11761679_25},
 acmid = {2171195},
 publisher = {Springer-Verlag},
 address = {Berlin, Heidelberg},
} 

@misc{Shoup:2004:sequence_of_games,
    author = {Victor Shoup},
    title = {Sequences of games: a tool for taming complexity in security proofs},
    howpublished = {Cryptology ePrint Archive, Report 2004/332},
    year = {2004},
    note = {\url{https://eprint.iacr.org/2004/332}},
}

@inproceedings{Tews:2007:breaking_WEP_60s,
 author = {Tews, Erik and Weinmann, Ralf-Philipp and Pyshkin, Andrei},
 title = {Breaking 104 Bit {WEP} in Less Than 60 Seconds},
 booktitle = {Proceedings of the 8th International Conference on Information Security Applications},
 series = {WISA'07},
 year = {2007},
 isbn = {3-540-77534-X, 978-3-540-77534-8},
 location = {Jeju Island, Korea},
 pages = {188--202},
 numpages = {15},
 @url = {http://dl.acm.org/citation.cfm?id=1784964.1784983},
 acmid = {1784983},
 publisher = {Springer-Verlag},
 address = {Berlin, Heidelberg},
} 

@article{Moen:2004:WPA_hash_weakness,
 author = {Moen, Vebj{\o}rn and Raddum, H{\aa}vard and Hole, Kjell J.},
 title = {Weaknesses in the Temporal Key Hash of {WPA}},
 journal = {SIGMOBILE Mob. Comput. Commun. Rev.},
 issue_date = {April 2004},
 volume = {8},
 number = {2},
 month = apr,
 year = {2004},
 issn = {1559-1662},
 pages = {76--83},
 numpages = {8},
 @url = {http://doi.acm.org/10.1145/997122.997132},
 doi = {10.1145/997122.997132},
 acmid = {997132},
 publisher = {ACM},
 address = {New York, NY, USA},
 keywords = {802.11, MIC, Michael, TKIP, WPA, temporal key hash},
} 



@inproceedings{He:2005:MCP:modular_correctness_proof_802.11,
 author = {He, Changhua and Sundararajan, Mukund and Datta, Anupam and Derek, Ante and Mitchell, John C.},
 title = {A Modular Correctness Proof of {IEEE 802.11}I and {TLS}},
 booktitle = {Proceedings of the 12th ACM Conference on Computer and Communications Security},
 series = {CCS '05},
 year = {2005},
 isbn = {1-59593-226-7},
 location = {Alexandria, VA, USA},
 pages = {2--15},
 numpages = {14},
 @url = {http://doi.acm.org/10.1145/1102120.1102124},
 doi = {10.1145/1102120.1102124},
 acmid = {1102124},
 publisher = {ACM},
 address = {New York, NY, USA},
 keywords = {IEEE 802.11i, TLS, protocol composition logic},
}

@inproceedings{KustersT:2010:ideal_key_derivations,
  author    = {Ralf K{\"u}sters and
               Max Tuengerthal},
  title     = {Ideal Key Derivation and Encryption in Simulation-Based
               Security},
  booktitle = {CT-RSA},
  year      = {2011},
  pages     = {161-179},
  ee        = {http://dx.doi.org/10.1007/978-3-642-19074-2_12},
  crossref  = {DBLP:conf/ctrsa/2011},
  bibsource = {DBLP, http://dblp.uni-trier.de}
}
@proceedings{DBLP:conf/ctrsa/2011,
  editor    = {Aggelos Kiayias},
  title     = {Topics in Cryptology - CT-RSA 2011 - The Cryptographers'
               Track at the RSA Conference 2011, San Francisco, CA, USA,
               February 14-18, 2011. Proceedings},
  booktitle = {CT-RSA},
  publisher = {Springer},
  series    = {Lecture Notes in Computer Science},
  volume    = {6558},
  year      = {2011},
  isbn      = {978-3-642-19073-5},
  ee        = {http://dx.doi.org/10.1007/978-3-642-19074-2},
  bibsource = {DBLP, http://dblp.uni-trier.de}
}


@inproceedings{KustersT:2011:composition_without_pre_est_sids,
  author    = {Ralf K{\"u}sters and
               Max Tuengerthal},
  title     = {Composition theorems without pre-established session identifiers},
  booktitle = {ACM Conference on Computer and Communications Security},
  year      = {2011},
  pages     = {41-50},
  ee        = {http://doi.acm.org/10.1145/2046707.2046715},
  crossref  = {DBLP:conf/ccs/2011},
  bibsource = {DBLP, http://dblp.uni-trier.de}
}
@proceedings{DBLP:conf/ccs/2011,
  editor    = {Yan Chen and
               George Danezis and
               Vitaly Shmatikov},
  title     = {Proceedings of the 18th ACM Conference on Computer and Communications
               Security, CCS 2011, Chicago, Illinois, USA, October 17-21,
               2011},
  booktitle = {ACM Conference on Computer and Communications Security},
  publisher = {ACM},
  year      = {2011},
  isbn      = {978-1-4503-0948-6},
  bibsource = {DBLP, http://dblp.uni-trier.de}
}


@INCOLLECTION{zhang:2005:proof_802.11_4WHS,
  author = {Zhang, Fan and Ma, Jianfeng and Moon, SangJae},
  title = {The Security Proof of a 4-Way Handshake Protocol in {IEEE} 802.11i},
  booktitle = {Computational Intelligence and Security},
  publisher = {Springer Berlin Heidelberg},
  year = {2005},
  editor = {Hao, Yue and Liu, Jiming and Wang, Yu-Ping and Cheung, Yiu-ming and
	Yin, Hujun and Jiao, Licheng and Ma, Jianfeng and Jiao, Yong-Chang},
  volume = {3802},
  series = {Lecture Notes in Computer Science},
  pages = {488-493},
  doi = {10.1007/11596981_72},
  isbn = {978-3-540-30819-5},
  @url = {http://dx.doi.org/10.1007/11596981_72}
}


@inproceedings{CanettiK:2001:CK-model,
  author    = {Ran Canetti and
               Hugo Krawczyk},
  editor    = {Birgit Pfitzmann},
  title     = {Analysis of Key-Exchange Protocols and Their Use for Building Secure
               Channels},
  booktitle = {Advances in Cryptology - {EUROCRYPT} 2001, International Conference
               on the Theory and Application of Cryptographic Techniques, Innsbruck,
               Austria, May 6-10, 2001, Proceeding},
  series    = {Lecture Notes in Computer Science},
  volume    = {2045},
  pages     = {453--474},
  publisher = {Springer},
  year      = {2001},
  @url       = {http://dx.doi.org/10.1007/3-540-44987-6_28},
  doi       = {10.1007/3-540-44987-6_28},
  timestamp = {Tue, 28 Jun 2011 15:07:21 +0200},
  biburl    = {http://dblp.uni-trier.de/rec/bib/conf/eurocrypt/CanettiK01},
  bibsource = {dblp computer science bibliography, http://dblp.org}
}




@inproceedings{He:2004:4WHS_analysis,
 author = {He, Changhua and Mitchell, John C.},
 title = {Analysis of the 802.11I 4-way Handshake},
 booktitle = {Proceedings of the 3rd ACM Workshop on Wireless Security},
 series = {WiSe '04},
 year = {2004},
 isbn = {1-58113-925-X},
 location = {Philadelphia, PA, USA},
 pages = {43--50},
 numpages = {8},
 @url = {http://doi.acm.org/10.1145/1023646.1023655},
 doi = {10.1145/1023646.1023655},
 acmid = {1023655},
 publisher = {ACM},
 address = {New York, NY, USA},
 keywords = {4-way handshake, 802.11i, WLAN, authentication, denial-of-service, key management},
} 

@InProceedings{paterson:2014:plaintext_recovery_TKIP,
author = {Kenneth G. Paterson and Bertram Poettering and Jacob C.N. Schuldt},
title = {Plaintext recovery attacks against {WPA/TKIP}},
booktitle = {FSE 2014},
editor = {C. Cid and C. Rechberger},
series = {Lecture Notes in Computer Science, to appear},
publisher = {Springer-Verlag},
note = {Full version available at \url{https://eprint.iacr.org/2013/748.pdf}},
year={2014}
}

@inproceedings{Asokan:2003:MitM-tunneling,
    author = {N. Asokan and Valtteri Niemi and Kaisa Nyberg},
    title = {Man-in-the-Middle in Tunnelled Authentication Protocols},
    crossref = {DBLP:conf/spw/2003},
    pages = {28--41}
}

@proceedings{DBLP:conf/spw/2003,
  editor    = {Bruce Christianson and
               Bruno Crispo and
               James A. Malcolm and
               Michael Roe},
  title     = {Security Protocols, 11th International Workshop, Cambridge,
               UK, April 2-4, 2003, Revised Selected Papers},
  booktitle = {Security Protocols, 11th International Workshop, Cambridge,
                 UK, April 2-4, 2003, Revised Selected Papers},
  publisher = {Springer},
  series    = {Lecture Notes in Computer Science},
  volume    = {3364},
  year      = {2005},
  isbn      = {3-540-28389-7},
  bibsource = {DBLP, http://dblp.uni-trier.de}
}



@inproceedings{Jonsson:2002:CCM-IND-CCA,
 author = {Jonsson, Jakob},
 title = {On the Security of {CTR + CBC-MAC}},
 booktitle = {Revised Papers from the 9th Annual International Workshop on Selected Areas in Cryptography},
 series = {SAC '02},
 year = {2003},
 isbn = {3-540-00622-2},
 pages = {76--93},
 numpages = {18},
 @url = {http://dl.acm.org/citation.cfm?id=646558.694897},
 acmid = {694897},
 publisher = {Springer-Verlag},
 address = {London, UK, UK},
 keywords = {AES, authenticated encryption, modes of operation},
}

@inproceedings{JagerKSS:2012:TLS--DHE_standard_model,
  author    = {Tibor Jager and
               Florian Kohlar and
               Sven Sch{\"{a}}ge and
               J{\"{o}}rg Schwenk},
  editor    = {Reihaneh Safavi{-}Naini and
               Ran Canetti},
  title     = {On the Security of {TLS-DHE} in the Standard Model},
  booktitle = {Advances in Cryptology - {CRYPTO} 2012 - 32nd Annual Cryptology Conference,
               Santa Barbara, CA, USA, August 19-23, 2012. Proceedings},
  series    = {Lecture Notes in Computer Science},
  volume    = {7417},
  pages     = {273--293},
  publisher = {Springer},
  year      = {2012},
  @url       = {http://dx.doi.org/10.1007/978-3-642-32009-5_17},
  doi       = {10.1007/978-3-642-32009-5_17},
  timestamp = {Mon, 13 Aug 2012 14:03:58 +0200},
  biburl    = {http://dblp.uni-trier.de/rec/bib/conf/crypto/JagerKSS12},
  bibsource = {dblp computer science bibliography, http://dblp.org}
}

@misc{JagerKSS:2012:eprint:TLS--DHE_standard_model,
  author    = {Tibor Jager and
                 Florian Kohlar and
                 Sven Sch{\"{a}}ge and
                 J{\"{o}}rg Schwenk},
  title     = {On the Security of {TLS-DHE} in the Standard Model},
  howpublished = {Cryptology ePrint Archive, Report 2011/219},
  year      = {2011},
  url       = {https://eprint.iacr.org/2011/219},
  timestamp = {Wed, 10 Jul 2013 15:34:45 +0200},
  biburl    = {http://dblp.uni-trier.de/rec/bib/journals/iacr/KohlarSS13},
  bibsource = {dblp computer science bibliography, http://dblp.org}
}


@proceedings{DBLP:conf/crypto/2012,
  editor    = {Reihaneh Safavi-Naini and
               Ran Canetti},
  title     = {Advances in Cryptology - CRYPTO 2012 - 32nd Annual Cryptology
               Conference, Santa Barbara, CA, USA, August 19-23, 2012.
               Proceedings},
  booktitle = {CRYPTO},
  publisher = {Springer},
  series    = {Lecture Notes in Computer Science},
  volume    = {7417},
  year      = {2012},
  isbn      = {978-3-642-32008-8},
  ee        = {http://dx.doi.org/10.1007/978-3-642-32009-5},
  bibsource = {DBLP, http://dblp.uni-trier.de}
}



@inproceedings{PatersonRS:2011:tag_size_does_matter,
  author    = {Kenneth G. Paterson and
               Thomas Ristenpart and
               Thomas Shrimpton},
  title     = {Tag Size Does Matter: Attacks and Proofs for the {TLS Record
               Protocol}},
  booktitle = {ASIACRYPT},
  year      = {2011},
  pages     = {372-389},
  ee        = {http://dx.doi.org/10.1007/978-3-642-25385-0_20},
  crossref  = {DBLP:conf/asiacrypt/2011},
  bibsource = {DBLP, http://dblp.uni-trier.de}
}
@proceedings{DBLP:conf/asiacrypt/2011,
  editor    = {Dong Hoon Lee and
               Xiaoyun Wang},
  title     = {Advances in Cryptology - ASIACRYPT 2011 - 17th International
               Conference on the Theory and Application of Cryptology and
               Information Security, Seoul, South Korea, December 4-8,
               2011. Proceedings},
  booktitle = {ASIACRYPT},
  publisher = {Springer},
  series    = {Lecture Notes in Computer Science},
  volume    = {7073},
  year      = {2011},
  isbn      = {978-3-642-25384-3},
  ee        = {http://dx.doi.org/10.1007/978-3-642-25385-0},
  bibsource = {DBLP, http://dblp.uni-trier.de}
}

@misc{IETF:2003:RFC3610,
  added-at = {2009-11-15T15:37:34.000+0100},
  author = {Whiting, Doug and Housley, Russ and Ferguson, Niels},
  biburl = {http://www.bibsonomy.org/bibtex/23185da4f1d9b93d0262ced3e45807bff/henkellermann},
  howpublished = {RFC 3610 (Informational)},
  interhash = {89f55fa48b23dee57f6afe1f69069c2f},
  intrahash = {3185da4f1d9b93d0262ced3e45807bff},
  keywords = {imported},
  month = {September},
  number = 3610,
  organization = {Internet Engineering Task Force},
  publisher = {IETF},
  series = {Request for Comments},
  timestamp = {2009-11-15T15:37:34.000+0100},
  title = {{Counter with CBC-MAC (CCM)}},
  url = {http://www.ietf.org/rfc/rfc3610.txt},
  year = 2003,
  note = {\url{http://www.ietf.org/rfc/rfc3610}},
  
}


@inproceedings{Bellare:2002:AE_in_SSH,
 author = {Bellare, Mihir and Kohno, Tadayoshi and Namprempre, Chanathip},
 title = {Authenticated Encryption in {SSH}: Provably Fixing the {SSH Binary Packet Protocol}},
 booktitle = {Proceedings of the 9th ACM Conference on Computer and Communications Security},
 series = {CCS '02},
 year = {2002},
 isbn = {1-58113-612-9},
 location = {Washington, DC, USA},
 pages = {1--11},
 numpages = {11},
 @url = {http://doi.acm.org/10.1145/586110.586112},
 doi = {10.1145/586110.586112},
 acmid = {586112},
 publisher = {ACM},
 address = {New York, NY, USA},
 keywords = {SSH, authenticated encryption, secure shell, security proofs, stateful decryption},
} 

@inproceedings{RogawayS:2006:key_wrap_problem,
  title={A Provable-Security Treatment of the Key-Wrap Problem},
  booktitle={Advances in Cryptology - EUROCRYPT 2006, 25th Annual International Conference on the Theory and Applications of Cryptographic Techniques},
  series={Lecture Notes in Computer Science},
  publisher={Springer},
  volume={4004},
  pages={373-390},
  url={http://www.iacr.org/cryptodb/archive/2006/EUROCRYPT/2761/2761.pdf},
  doi={10.1007/11761679_23},
  author={Phillip Rogaway and Thomas Shrimpton},
  year=2006
}

@misc{RogawayS:2006:deterministicAE_key_wrap,
    author = {Phillip Rogaway and Thomas Shrimpton},
    title = {Deterministic Authenticated-Encryption: A Provable-Security Treatment of the Key-Wrap Problem},
    howpublished = {Cryptology ePrint Archive, Report 2006/221},
    year = {2006},
    note = {\url{https://eprint.iacr.org/2006/221.pdf}}
}

@INPROCEEDINGS{Manulis:2014:PACCE,
  author    = {Mark Manulis and
               Douglas Stebila and
               Nick Denham},
  editor    = {Liqun Chen and
               Chris J. Mitchell},
  title     = {Secure Modular Password Authentication for the Web Using Channel Bindings},
  booktitle = {Security Standardisation Research - First International Conference,
               {SSR} 2014, London, UK, December 16-17, 2014. Proceedings},
  series    = {Lecture Notes in Computer Science},
  volume    = {8893},
  pages     = {167--189},
  publisher = {Springer},
  year      = {2014},
  @url       = {http://dx.doi.org/10.1007/978-3-319-14054-4_11},
  doi       = {10.1007/978-3-319-14054-4_11},
  timestamp = {Fri, 11 Sep 2015 07:53:31 +0200},
  biburl    = {http://dblp.uni-trier.de/rec/bib/conf/secsr/ManulisSD14},
  bibsource = {dblp computer science bibliography, http://dblp.org}
}

@inproceedings{Li:2014:TLS-PSK,
  author    = {Yong Li and
               Sven Sch{\"{a}}ge and
               Zheng Yang and
               Florian Kohlar and
               J{\"{o}}rg Schwenk},
  title     = {On the Security of the Pre-shared Key Ciphersuites of {TLS}},
  booktitle = {Public-Key Cryptography - {PKC} 2014 - 17th International Conference
               on Practice and Theory in Public-Key Cryptography, Buenos Aires, Argentina,
               March 26-28, 2014. Proceedings},
  year      = {2014},
  pages     = {669--684},
  crossref  = {DBLP:conf/pkc/2014},
  @url       = {http://dx.doi.org/10.1007/978-3-642-54631-0_38},
  doi       = {10.1007/978-3-642-54631-0_38},
  timestamp = {Thu, 09 Oct 2014 16:21:31 +0200},
  biburl    = {http://dblp.uni-trier.de/rec/bib/conf/pkc/LiSYKS14},
  bibsource = {dblp computer science bibliography, http://dblp.org}
}
@proceedings{DBLP:conf/pkc/2014,
  editor    = {Hugo Krawczyk},
  title     = {Public-Key Cryptography - {PKC} 2014 - 17th International Conference
               on Practice and Theory in Public-Key Cryptography, Buenos Aires, Argentina,
               March 26-28, 2014. Proceedings},
  series    = {Lecture Notes in Computer Science},
  year      = {2014},
  volume    = {8383},
  publisher = {Springer},
  @url       = {http://dx.doi.org/10.1007/978-3-642-54631-0},
  doi       = {10.1007/978-3-642-54631-0},
  isbn      = {978-3-642-54630-3},
  timestamp = {Thu, 09 Oct 2014 16:21:31 +0200},
  biburl    = {http://dblp.uni-trier.de/rec/bib/conf/pkc/2014},
  bibsource = {dblp computer science bibliography, http://dblp.org}
}

@incollection{MorrisseySW:2008:ModularTLS,
	year={2008},
	isbn={978-3-540-89254-0},
	booktitle={Advances in Cryptology - ASIACRYPT 2008},
	volume={5350},
	series={Lecture Notes in Computer Science},
	editor={Pieprzyk, Josef},
	doi={10.1007/978-3-540-89255-7_5},
	title={A Modular Security Analysis of the {TLS} Handshake Protocol},
	@url={http://dx.doi.org/10.1007/978-3-540-89255-7_5},
	publisher={Springer Berlin Heidelberg},
	author={Morrissey, Paul and Smart, Nigel P. and Warinschi, Bogdan},
	pages={55-73},
	language={English}
}

@misc{RFC2104:HMAC,
  added-at = {2009-11-15T15:37:34.000+0100},
  author = {Krawczyk, Hugo and Bellare, Mihir and Canetti, Ran},
  biburl = {http://www.bibsonomy.org/bibtex/2a08417c2def6ec3508b1e1998280b509/henkellermann},
  howpublished = {RFC 2104 (Informational)},
  interhash = {4c92bf2c8799ae9359fb6a0f853d9cf6},
  intrahash = {a08417c2def6ec3508b1e1998280b509},
  keywords = {imported},
  month = {February},
  number = 2104,
  organization = {Internet Engineering Task Force},
  publisher = {IETF},
  series = {Request for Comments},
  timestamp = {2009-11-15T15:37:58.000+0100},
  title = {{HMAC: Keyed-Hashing for Message Authentication}},
  url = { https://tools.ietf.org/html/rfc2104},
  year = 1997
}

@incollection{Krawczyk:2013:onTLS,
	year={2013},
	isbn={978-3-642-40040-7},
	booktitle={Advances in Cryptology – CRYPTO 2013},
	volume={8042},
	series={Lecture Notes in Computer Science},
	editor={Canetti, Ran and Garay, JuanA.},
	doi={10.1007/978-3-642-40041-4_24},
	title={On the Security of the {TLS} Protocol: A Systematic Analysis},
	@url={http://dx.doi.org/10.1007/978-3-642-40041-4_24},
	publisher={Springer Berlin Heidelberg},
	author={Krawczyk, Hugo and Paterson, Kenneth G. and Wee, Hoeteck},
	pages={429-448},
	language={English}
}

@incollection{HofheinzK:2007:CCCA-KEM,
	year={2007},
	isbn={978-3-540-74142-8},
	booktitle={Advances in Cryptology - CRYPTO 2007},
	volume={4622},
	series={Lecture Notes in Computer Science},
	editor={Menezes, Alfred},
	doi={10.1007/978-3-540-74143-5_31},
	title={Secure Hybrid Encryption from Weakened Key Encapsulation},
	@url={http://dx.doi.org/10.1007/978-3-540-74143-5_31},
	publisher={Springer Berlin Heidelberg},
	author={Hofheinz, Dennis and Kiltz, Eike},
	pages={553-571},
	language={English}
}


@inproceedings{PrabhakaranR:2007:rerandomizable_RCCA,
  author    = {Manoj Prabhakaran and
               Mike Rosulek},
  editor    = {Alfred Menezes},
  title     = {Rerandomizable {RCCA} Encryption},
  booktitle = {Advances in Cryptology - {CRYPTO} 2007, 27th Annual International
               Cryptology Conference, Santa Barbara, CA, USA, August 19-23, 2007,
               Proceedings},
  series    = {Lecture Notes in Computer Science},
  volume    = {4622},
  pages     = {517--534},
  publisher = {Springer},
  year      = {2007},
  @url       = {http://dx.doi.org/10.1007/978-3-540-74143-5_29},
  doi       = {10.1007/978-3-540-74143-5_29},
  timestamp = {Mon, 07 Apr 2008 09:02:11 +0200},
  biburl    = {http://dblp.uni-trier.de/rec/bib/conf/crypto/PrabhakaranR07},
  bibsource = {dblp computer science bibliography, http://dblp.org}
}


@INPROCEEDINGS{Canetti:03:relaxing-chosen-ciphertext,
  author    = {Ran Canetti and
               Hugo Krawczyk and
               Jesper Buus Nielsen},
  editor    = {Dan Boneh},
  title     = {Relaxing Chosen-Ciphertext Security},
  booktitle = {Advances in Cryptology - {CRYPTO} 2003, 23rd Annual International
               Cryptology Conference, Santa Barbara, California, USA, August 17-21,
               2003, Proceedings},
  series    = {Lecture Notes in Computer Science},
  volume    = {2729},
  pages     = {565--582},
  publisher = {Springer},
  year      = {2003},
  @url       = {http://dx.doi.org/10.1007/978-3-540-45146-4_33},
  doi       = {10.1007/978-3-540-45146-4_33},
  timestamp = {Tue, 05 Jul 2011 11:03:56 +0200},
  biburl    = {http://dblp.uni-trier.de/rec/bib/conf/crypto/CanettiKN03},
  bibsource = {dblp computer science bibliography, http://dblp.org}
}

@INPROCEEDINGS{Bhargavan:2014:TLS-triple-handshake, 
	author={Bhargavan, Karthikeyan and Delignat-Lavaud, Antoine and Fournet, C{\'e}dric and Pironti, Alfredo and Strub, Pierre-Yves}, 
	booktitle={Security and Privacy (SP), 2014 IEEE Symposium on}, 
	title={Triple Handshakes and Cookie Cutters: Breaking and Fixing Authentication over {TLS}}, 
	year={2014}, 
	month={May}, 
	pages={98-113}, 
	ISSN={1081-6011}
}

@techreport{rfc5705:TLS-key-exporters,
   AUTHOR = {Eric Rescorla},
   TITLE = "{Keying Material Exporters for Transport Layer Security {(TLS)}}",
   HOWPUBLISHED = {Internet Requests for Comments},
   TYPE="{RFC}",
   NUMBER=5705,
   PAGES = {1-7},
   YEAR = {2010},
   MONTH = {March},
   ISSN = {2070-1721},
   PUBLISHER = "{RFC Editor}",
   INSTITUTION = "{RFC Editor}",
   note={\url{https://tools.ietf.org/html/rfc5705}}
}


@techreport{rfc5216:EAP-TLS,
   AUTHOR = {Dan Simon and Bernard Aboba and Ryan Hurst},
   TITLE = "{The {EAP-TLS} Authentication Protocol}",
   HOWPUBLISHED = {Internet Requests for Comments},
   TYPE="{RFC}",
   NUMBER=5216,
   PAGES = {1-34},
   YEAR = {2008},
   MONTH = {March},
   ISSN = {},
   PUBLISHER = "{RFC Editor}",
   INSTITUTION = "{RFC Editor}",
   note={\url{https://tools.ietf.org/html/rfc5216}}
}

@techreport{rfc3748:EAP,
   AUTHOR = {Bernard Aboba and Larry J. Blunk and John R. Vollbrecht and James Carlson and Henrik Levkowetz},
   TITLE = "{{Extensible Authentication Protocol}}",
   HOWPUBLISHED = {Internet Requests for Comments},
   TYPE="{RFC}",
   NUMBER=3748,
   PAGES = {1-67},
   YEAR = {2004},
   MONTH = {June},
   ISSN = {},
   PUBLISHER = "{RFC Editor}",
   INSTITUTION = "{RFC Editor}",
   note={\url{https://tools.ietf.org/html/rfc3748}}
}

@techreport{rfc5247:EAP-key-management,
   AUTHOR = {Bernard Aboba and Dan Simon and Pasi Eronen},
   TITLE = "{{Extensible Authentication Protocol (EAP) Key Management Framework}}",
   HOWPUBLISHED = {Internet Requests for Comments},
   TYPE="{RFC}",
   NUMBER=5247,
   PAGES = {1-78},
   YEAR = {2008},
   MONTH = {August},
   ISSN = {},
   PUBLISHER = "{RFC Editor}",
   INSTITUTION = "{RFC Editor}",
   note={\url{https://tools.ietf.org/html/rfc5247}}
}

@article{Diffie:1992:STS_protocol:Perfect_forward_secrecy_def,
 author = {Diffie, Whitfield and Van Oorschot, Paul C. and Wiener, Michael J.},
 title = {Authentication and Authenticated Key Exchanges},
 journal = {Des. Codes Cryptography},
 issue_date = {June 1992},
 volume = {2},
 number = {2},
 month = jun,
 year = {1992},
 issn = {0925-1022},
 pages = {107--125},
 numpages = {19},
 @url = {http://dx.doi.org/10.1007/BF00124891},
 doi = {10.1007/BF00124891},
 acmid = {142988},
 publisher = {Kluwer Academic Publishers},
 address = {Norwell, MA, USA},
} 

@inproceedings{Bergsma:2014:multi_ciphersuite_SSH,
 author = {Bergsma, Florian and Dowling, Benjamin and Kohlar, Florian and Schwenk, J\"{o}rg and Stebila, Douglas},
 title = {Multi-Ciphersuite Security of the {Secure Shell (SSH) Protocol}},
 booktitle = {Proceedings of the 2014 ACM SIGSAC Conference on Computer and Communications Security},
 series = {CCS '14},
 year = {2014},
 isbn = {978-1-4503-2957-6},
 location = {Scottsdale, Arizona, USA},
 pages = {369--381},
 numpages = {13},
 @url = {http://doi.acm.org/10.1145/2660267.2660286},
 doi = {10.1145/2660267.2660286},
 acmid = {2660286},
 publisher = {ACM},
 address = {New York, NY, USA},
 keywords = {authenticated and confidential channel establishment, cross-protocol security, key agility, multi-ciphersuite, secure shell (SSH)},
} 

@inproceedings{GiesenKS:2013:TLS-renogiation,
  author    = {Florian Giesen and Florian Kohlar and Douglas Stebila},
  editor    = {Ahmad{-}Reza Sadeghi and Virgil D. Gligor and Moti Yung},
  title     = {On the security of {TLS} renegotiation},
  booktitle = {2013 {ACM} {SIGSAC} Conference on Computer and Communications Security, CCS'13, Berlin, Germany, November 4-8, 2013},
  pages     = {387--398},
  publisher = {{ACM}},
  year      = {2013},
  @url       = {http://doi.acm.org/10.1145/2508859.2516694},
  doi       = {10.1145/2508859.2516694},
  timestamp = {Fri, 08 Nov 2013 12:51:55 +0100},
  biburl    = {http://dblp.uni-trier.de/rec/bib/conf/ccs/GiesenKS13},
  bibsource = {dblp computer science bibliography, http://dblp.org}
}


@INPROCEEDINGS{Lychev:2015:how_quick_is_QUIC, 
  author    = {Robert Lychev and
               Samuel Jero and
               Alexandra Boldyreva and
               Cristina Nita{-}Rotaru},
  title     = {How Secure and Quick is QUIC? Provable Security and Performance Analyses},
  booktitle = {2015 {IEEE} Symposium on Security and Privacy, {SP} 2015, San Jose,
               CA, USA, May 17-21, 2015},
  pages     = {214--231},
  publisher = {{IEEE} Computer Society},
  year      = {2015},
  @url       = {http://dx.doi.org/10.1109/SP.2015.21},
  doi       = {10.1109/SP.2015.21},
  timestamp = {Fri, 24 Jul 2015 12:25:17 +0200},
  biburl    = {http://dblp.uni-trier.de/rec/bib/conf/sp/LychevJBN15},
  bibsource = {dblp computer science bibliography, http://dblp.org}
}


@inproceedings{FischlinG:2014:Multi-stage_KE_QUIC,
  author    = {Marc Fischlin and
               Felix G{\"{u}}nther},
  editor    = {Gail{-}Joon Ahn and
               Moti Yung and
               Ninghui Li},
  title     = {Multi-Stage Key Exchange and the Case of {Google's} {QUIC} Protocol},
  booktitle = {Proceedings of the 2014 {ACM} {SIGSAC} Conference on Computer and
               Communications Security, Scottsdale, AZ, USA, November 3-7, 2014},
  pages     = {1193--1204},
  publisher = {{ACM}},
  year      = {2014},
  @url       = {http://doi.acm.org/10.1145/2660267.2660308},
  doi       = {10.1145/2660267.2660308},
  timestamp = {Mon, 10 Nov 2014 11:16:16 +0100},
  biburl    = {http://dblp.uni-trier.de/rec/bib/conf/ccs/FischlinG14},
  bibsource = {dblp computer science bibliography, http://dblp.org}
}

@inproceedings{BrzuskaSWW:2013:EMV,
  author    = {Christina Brzuska and
               Nigel P. Smart and
               Bogdan Warinschi and
               Gaven J. Watson},
  editor    = {Ahmad{-}Reza Sadeghi and
               Virgil D. Gligor and
               Moti Yung},
  title     = {An analysis of the {EMV} channel establishment protocol},
  booktitle = {2013 {ACM} {SIGSAC} Conference on Computer and Communications Security,
               CCS'13, Berlin, Germany, November 4-8, 2013},
  pages     = {373--386},
  publisher = {{ACM}},
  year      = {2013},
  @url       = {http://doi.acm.org/10.1145/2508859.2516748},
  doi       = {10.1145/2508859.2516748},
  timestamp = {Fri, 08 Nov 2013 12:51:55 +0100},
  biburl    = {http://dblp.uni-trier.de/rec/bib/conf/ccs/BrzuskaSWW13},
  bibsource = {dblp computer science bibliography, http://dblp.org}
}

@misc{KohlarSS:2013:TLS-DH_and_TLS-RSA,
  author    = {Florian Kohlar and
               Sven Sch{\"{a}}ge and
               J{\"{o}}rg Schwenk},
    title = {On the Security of {TLS-DH} and {TLS-RSA} in the Standard Model},
    howpublished = {Cryptology ePrint Archive, Report 2013/367},
    year = {2013},
    note = {\url{https://eprint.iacr.org/2013/367}},
}

@techreport{RFC5246:TLSv1.2,
   AUTHOR = {Tim Dierks and Eric Rescorla},
   TITLE = "{The Transport Layer Security {(TLS)} Protocol Version 1.2}",
   HOWPUBLISHED = {Internet Requests for Comments},
   TYPE="{RFC}",
   NUMBER=5246,
   PAGES = {1-104},
   YEAR = {2008},
   MONTH = {August},
   ISSN = {},
   PUBLISHER = "{RFC Editor}",
   INSTITUTION = "{RFC Editor}",
   note={\url{https://tools.ietf.org/html/rfc5246}}
}


@techreport{RFC5746:TLS:RIE,
   AUTHOR = {Eric Rescorla and Marsh Ray and Steve Dispensa and Nasko Oskov},
   TITLE = "{{Transport Layer Security (TLS) Renegotiation Indication Extension}}",
   HOWPUBLISHED = {Internet Requests for Comments},
   TYPE="{RFC}",
   NUMBER=5746,
   PAGES = {1-15},
   YEAR = {2010},
   MONTH = {February},
   ISSN = {},
   PUBLISHER = "{RFC Editor}",
   INSTITUTION = "{RFC Editor}",
   note={\url{https://tools.ietf.org/html/rfc5746}}
}

@inproceedings{DowlingS:2015:TLS-ciphersuite-and-version-negotiation,
  author    = {Benjamin Dowling and
               Douglas Stebila},
  editor    = {Ernest Foo and
               Douglas Stebila},
  title     = {Modelling Ciphersuite and Version Negotiation in the {TLS} Protocol},
  booktitle = {Information Security and Privacy - 20th Australasian Conference, {ACISP}
               2015, Brisbane, QLD, Australia, June 29 - July 1, 2015, Proceedings},
  series    = {Lecture Notes in Computer Science},
  volume    = {9144},
  pages     = {270--288},
  publisher = {Springer},
  year      = {2015},
  @url       = {http://dx.doi.org/10.1007/978-3-319-19962-7_16},
  doi       = {10.1007/978-3-319-19962-7_16},
  timestamp = {Thu, 25 Jun 2015 13:16:04 +0200},
  biburl    = {http://dblp.uni-trier.de/rec/bib/conf/acisp/DowlingS15},
  bibsource = {dblp computer science bibliography, http://dblp.org}
}

@inproceedings{BhargavanFKPSB:2014:TLS-secure-as-it-is,
  author    = {Karthikeyan Bhargavan and
               C{\'{e}}dric Fournet and
               Markulf Kohlweiss and
               Alfredo Pironti and
               Pierre{-}Yves Strub and
               Santiago Zanella B{\'{e}}guelin},
  editor    = {Juan A. Garay and
               Rosario Gennaro},
  title     = {Proving the {TLS} Handshake Secure (As It Is)},
  booktitle = {Advances in Cryptology - {CRYPTO} 2014 - 34th Annual Cryptology Conference,
               Santa Barbara, CA, USA, August 17-21, 2014, Proceedings, Part {II}},
  series    = {Lecture Notes in Computer Science},
  volume    = {8617},
  pages     = {235--255},
  publisher = {Springer},
  year      = {2014},
  @url       = {http://dx.doi.org/10.1007/978-3-662-44381-1_14},
  doi       = {10.1007/978-3-662-44381-1_14},
  timestamp = {Tue, 15 Jul 2014 12:40:49 +0200},
  biburl    = {http://dblp.uni-trier.de/rec/bib/conf/crypto/BhargavanFKPSB14},
  bibsource = {dblp computer science bibliography, http://dblp.org}
}
